3184 4917
714 419 922 473 .EXCURSUS

481 996 482 999 ’
608 988 1037 1067 EXCURSUS

666 1196 718 1250 Ao
734 1197 810 1251 SAT.
826 1199 875 1250 IV.
891 1204 976 1251 11-17.

313 1398 551 1463 Manxnaun.
562 1397 596 1461 in
611 1395 717 1481 Epist.
734 1394 817 1461 Grit
832 1416 868 1481 p.
882 1397 958 1462 152.
973 1394 1179 1461 hanclocum
1192 1394 1242 1459 sic
1257 1394 1374 1462 distin·

267 1502 339 1587 guit
353 1506 387 1566 et
400 1499 571 1567 emendat:
610 1496 719 1563 Multa
739 1496 887 1575 uidemur,
912 1496 990 1565 Qua
1013 1495 1117 1577 miser,
1143 1508 1172 1562 et
1187 1495 1288 1584 fmgi
1309 1517 1373 1563 uou

255 1601 508 1689 secit'Apicius:
540 1600 601 1667 hac
627 1610 663 1667 tu
684 1599 864 1665 Succinctus
880 1598 1007 1665 Picaria
1033 1598 1198 1686 quandam,
1216 1597 1373 1685 Crispiae',

265 1726 386 1793 papyro
396 1702 422 1769 i,
437 1700 509 1769 Hoc
520 1704 657 1790 pretium
671 1702 830 1791 squama?
850 1702 987 1790 Adjecit
1000 1704 1064 1769 has
1077 1704 1244 1769 ηῇοιιεεε
1267 1702 1373 1771 ‘Vox

268 1804 393 1871 Puaua
407 1808 570 1873 valentior
582 1808 711 1873 videtur
724 1806 768 1871 ad
783 1806 995 1872 excitandam
1014 1805 1176 1870 invidiam
1186 1811 1232 1871 ’et
1257 1804 1372 1871 odium

267 1909 425 1977 adversus
452 1908 652 1995 Crispinum,
678 1914 794 1994 utpote
821 1908 1029 1993 AEgyptium,
1059 1926 1162 1990 quam
1184 1907 1243 1971 illa
1267 1908 1372 1974 altera

261 2010 394 2097 patria3
415 2017 460 2090 et,
473 2011 562 2096 qnod
575 2029 737 2077 sommum
751 2016 813 2090 est,
827 2008 978 2094 sipatria
990 2006 1145 2085 retineas,
1159 2018 1231 2072 non'
1247 2002 1374 2075 exinde

268 2114 424 2196 colligere
435 2118 547 2199 potes,
560 2114 656 2199 cnjus
667 2111 812 2195 regionis
822 2110 920 2176 fuerit
934 2109 1127 2195 Crispinus:
1159 2108 1267 2195 patria
1283 2114 1372 2177 enim

259 2234 402 2302 papyrus
426 2234 495 2281 non
518 2214 708 2280 necessario
734 2211 921 2299 AEgyptiam
942 2231 1099 2296 papyrum
1124 2212 1272 2291 denotat,
1287 2234 1372 2299 quo-

266 2318 354 2381 niam
376 2318 411 2381 in
437 2318 515 2381 aliis
539 2317 639 2382 etiam
662 2314 856 2398 regionibus
872 2314 1070 2379 nascebatur
1088 2313 1259 2399 papyrus?
1302 2315 1371 2381 Sed

267 2424 381 2483 contra
395 2437 471 2481 eum
486 2418 558 2502 jam
574 2418 622 2483 ita
636 2416 823 2502 disputavit
836 2415 1002 2481 Schrader
1015 2416 1051 2480 in
1062 2414 1248 2483 Observatt
1266 2438 1301 2503 p.
1315 2418 1370 2483 19.

266 2522 277 2555 ‘
294 2519 446 2603 Papyrus
461 2518 621 2602 AEgypa'a
633 2516 720 2583 adeo
740 2518 864 2583 nobilis
878 2524 959 2596 erat,
970 2524 1008 2583 ut
1026 2515 1128 2582 Nilus
1143 2518 1251 2583 amnis
1264 2538 1371 2604 papy-

263 2620 340 2687 rifer
354 2619 585 2704 appellaretur,
600 2623 633 2685 et
650 2617 789 2685 Niliaca
803 2638 954 2704 papyrus
965 2619 1009 2684 ab
1024 2619 1177 2684 omnibus
1190 2621 1370 2685 celebrare·

264 2728 336 2789 tur:
370 2741 403 2787 v.
429 2719 602 2786 Muncker.
626 2720 670 2786 ad
697 2720 843 2805 Fulgent.
859 2738 885 2785 1.
905 2742 945 2806 p.
960 2722 1015 2787 19.
1071 2718 1250 2786 Succinctus
1271 2723 1371 2807 igitur

258 2822 371 2908 patria
390 2842 514 2909 papyro
528 2828 622 2888 notat
633 2829 666 2887 ct
679 2820 832 2906 designat
843 2822 1050 2906 AEgyptium·
1093 2822 1161 2888 Sed
1175 2829 1290 2889 conns
1301 2845 1371 2887 suc·

264 2926 380 2990 cinctus
398 2921 524 2987 Pharia
543 2944 667 3011 papyro
690 2944 758 2990 non
777 2927 968 2990 necessario
984 2924 1149 3008 significat
1161 2925 1368 3009 AEgyptium,

264 3028 424 3113 quonium
438 3028 487 3091 sic
502 3027 651 3109 succingi
663 3030 792 3112 poterat
807 3025 1000 3109 alienigena.
1046 3024 1177 3091 Deinde
1196 3027 1371 3092 constabat

262 3130 345 3195 inter
371 3148 494 3206 omnes,
519 3114 709 3211 Crispinum
733 3148 809 3193 esse
833 3128 1051 3212 AEgyptium:
1084 3126 1268 3192 sufficiebat
1290 3148 1369 3211 ergo

156 3310 159 3315 Ι
259 3227 381 3315 putria.
426 3228 581 3311 Denique
605 3234 749 3313 receptos
772 3229 907 3292 lectioni
928 3227 1155 3291 firmissimum
1173 3228 1380 3312 praesidium

262 3334 314 3395 est
337 3332 371 3395 in
393 3348 444 3395 vs.
466 3328 520 3394 32.
534 3330 593 3393 ubi
613 3327 712 3413 poe'te
730 3328 882 3394 similiter
904 3327 1024 3392 siluros
1040 3326 1188 3414 Crispini
1201 3329 1369 3415 municipes

264 3436 374 3498 vocat.
419 3428 471 3495 Cf.
487 3428 629 3495 Salmas.
645 3428 689 3495 ud
703 3428 806 3495 Solin.
820 3450 856 3513 p.
870 3428 959 3497 9393

306 3531 370 3601 Vs.
393 3533 445 3598 25.
469 3586 476 3595 .
511 3528 583 3595 Hoc
601 3532 707 3616 pretio
731 3552 865 3618 squama
888 3531 938 3619 (h.
960 3552 991 3597 e.
1015 3537 1109 3599 tanto
1133 3534 1240 3619 pretio
1262 3534 1367 3620 piscis

262 3634 335 3701 scil.
360 3654 384 3700 a
407 3639 440 3699 tc
464 3634 585 3699 emitur
612 3634 666 3699 vel
693 3639 800 3698 emtus
829 3638 891 3713 est,
927 3632 1017 3719 quod
1042 3636 1179 3699 verbum
1206 3654 1287 3701 mox
1315 3656 1368 3702 se-

262 3732 390 3820 quitur)
416 3736 448 3800 1.
463 3736 576 3801 61-68.
592 3736 705 3801 68-73.
729 3734 784 3799 75.
806 3734 862 3800 76.
883 3734 938 3800 82.
983 3733 1057 3800 Hoc
1074 3734 1208 3820 pretium
1233 3757 1370 3822 squama

261 3839 307 3917 (h.
327 3858 358 3902 e.
381 3842 509 3902 mutum
527 3837 668 3921 pretium
690 3844 743 3903 est
764 3856 793 3903 s.
817 3838 917 3921 ponis
941 3840 1055 3917 mullo,
1081 3858 1108 3903 s.
1132 3838 1236 3917 mulli,
1258 3839 1366 3922 piscis

261 3938 445 4021 squamosi,
466 3956 488 4001 a
507 3942 540 4003 ts
553 3938 646 4017 emti)
668 3940 700 4003 7.
715 3938 770 4003 10.
784 3938 840 4002 11.
855 3940 968 4005 1417.
983 3940 1096 4005 leoz
1112 3939 1168 4004 29.
1182 3940 1365 4006 465651·

261 4038 315 4103 60.
329 4039 443 4105 6167.
457 4040 514 4104 74.
528 4038 583 4105 88.
598 4038 654 4105 84.
668 4041 764 4124 prob.
780 4038 975 4106 Schradero.
1020 4040 1087 4106 Sed
1103 4040 1230 4107 doctior
1243 4047 1294 4105 est
1307 4040 1368 4105 illa

260 4139 372 4220 lectio,
392 4146 426 4207 ct
446 4141 574 4227 piscem
587 4142 699 4228 potius
711 4162 868 4228 squamas,
893 4162 994 4226 quam
1006 4163 1165 4230 squamas
1180 4141 1248 4211 dici
1259 4140 1365 4207 credi·

128 4326 133 4333 ,
261 4238 377 4307 uam.
