3184 4917
304 430 347 494 28
813 447 902 494 vrrs

303 592 426 673 glossae
447 590 492 655 ad
510 589 579 655 Sat.
606 607 656 656 rv.
669 590 726 657 88.
750 612 771 655 a
791 591 985 656 Domitiano
1006 590 1185 673 relegatum
1207 608 1283 652 eum
1303 588 1408 654 sitisse

303 694 366 761 snb
380 694 492 776 specie
516 692 650 757 honoris
665 695 700 756 in
724 694 909 778 AEgyptum
924 691 966 755 ad
983 692 1126 755 cohortis
1142 712 1267 767 curam,
1282 698 1319 755 ut
1332 693 1408 755 hinc

305 794 476 871 clarescat,
505 814 569 857 nou
595 794 745 877 ejusdem
768 796 914 858 auctoris
938 812 1011 857 esse
1032 794 1253 873 glossularum
1280 793 1407 855 illarum

305 896 585 979 compilationem.
644 894 678 958 M
685 896 736 959 ale
769 898 881 975 etiam,
911 900 1071 980 quantum
1099 893 1255 975 equidem
1277 892 1408 978 judico,

304 998 461 1081 scriptum
484 998 518 1059 iu
541 998 609 1061 vita
630 996 654 1060 J
656 997 816 1072 uvenalis,
839 1004 972 1062 auctore
995 997 1098 1060 veteri
1120 996 1287 1079 scriptore,
1309 1015 1409 1079 quem

305 1097 499 1161 Suetonium
514 1099 617 1162 videri
633 1098 750 1161 suadet
764 1100 870 1176 stiluS,
881 1100 974 1162 illum
989 1095 1151 1174 Paridem,
1166 1102 1409 1180 propterquam

216 1254 219 1263 .
303 1199 422 1281 pulsus
444 1208 494 1265 est
515 1200 701 1276 Juvenalis,
726 1196 855 1262 Claudii
879 1198 1011 1263 Neronis
1035 1196 1270 1260 Parrtomimam
1293 1198 1407 1265 luisse.

305 1298 363 1363 Sic
378 1303 464 1365 enim
478 1304 525 1365 ibi
549 1303 720 1367 scribitur:
748 1301 858 1364 deiude
871 1323 1037 1385 paucarum
1060 1321 1202 1363 versuum
1222 1296 1332 1361 Satira
1348 1322 1409 1363 aaa

305 1397 436 1463 absurde
449 1402 613 1483 coraposito
627 1404 660 1465 in
677 1402 828 1465 Paridem
842 1401 1073 1467 Pnutomimum
1083 1401 1264 1487 pa'e‘tomque
1280 1398 1410 1463 Claudii

308 1499 452 1579 Neronis,
474 1504 537 1589 ej'us
559 1505 748 1569 semestribus
764 1504 917 1570 militiadis
939 1514 1114 1578 tarneutem,
1133 1524 1229 1587 geraus
1252 1502 1409 1586 scriptume

305 1602 488 1670 industriose
500 1604 643 1671 excoluit.
690 1608 779 1673 Haec
794 1610 897 1675 verba
914 1611 1061 1684 innuunt,
1077 1606 1233 1670 Paridem
1247 1604 1410 1687 pantomi-

303 1725 395 1770 mum
421 1714 454 1771 et
481 1708 616 1792 politam
642 1709 747 1773 fuisse
774 1709 906 1775 Claudii
930 1709 1087 1783 Neronis,
1116 1704 1350 1787 quodfalsum
1376 1708 1409 1767 et

305 1806 493 1873 absurdum.
540 1808 616 1874 Nec
631 1816 779 1893 tempora
803 1813 993 1891 congruunt,
1008 1807 1067 1871 sed
1088 1813 1176 1869 recte
1194 1804 1230 1865 in
1244 1803 1409 1896 veteribus

306 1908 506 1989 quibusdam
522 1911 640 1974 desunt
652 1911 709 1974 illa
732 1908 861 1972 Claudii
885 1906 1027 1986 Nemnis,
1040 1926 1118 1991 quae
1134 1910 1261 1969 attenta
1274 1902 1408 1995 suntab

306 2006 417 2089 aliqua
433 2007 549 2087 sciolo,
565 2010 620 2092 qui
631 2010 785 2075 Paridem
799 2012 1037 2094 pantomimum
1047 2007 1252 2091 temporibus
1263 2002 1408 2068 Neronis

304 2105 436 2189 legerat.
473 2108 588 2175 Scribe
602 2112 718 2195 igitur:
740 2132 908 2195 paucorum
922 2131 1060 2174 aerariam
1077 2107 1187 2172 Satira
1203 2128 1263 2169 uau
1278 2103 1410 2168 absurde

304 2211 468 2293 composita
485 2211 517 2275 iu
535 2209 684 2277 Paridem
699 2216 934 2297 pantomimum,
947 2214 1126 2299 politamque
1139 2212 1203 2299 ejas
1220 2206 1409 2274 semestrilrus

305 2309 459 2375 militiadis
475 2321 649 2381 trimetriam.
693 2315 998 2383 Confirmatur'hoec
1012 2317 1112 2380 lectio
1124 2313 1318 2380 aJurenale
1330 2311 1408 2394 ipso

306 2409 376 2474 Sat.
393 2429 459 2477 vri.
475 2413 527 2478 88.
543 2414 597 2480 89.
609 2418 661 2479 his
677 2418 836 2494 versibus,
848 2436 935 2500 qnos
949 2418 1067 2481 alludit
1080 2424 1197 2482 auctor
1210 2416 1286 2479 ille:

479 2554 539 2623 Ille
554 2570 583 2622 ct
599 2558 720 2623 militia
736 2557 840 2622 mrdtis
855 2557 990 2645 largitur
1006 2559 1158 2638 donarem,

479 2658 624 2723 Semestri
639 2670 746 2725 vatam
760 2660 874 2748 digitos
888 2660 1085 2747 circumligat
1099 2684 1189 2728 aura.

306 2795 360 2881 lle
381 2817 504 2883 Paride
517 2818 675 2905 loquitur,
695 2840 756 2885 uec
771 2821 813 2885 de
828 2822 1034 2905 pantomimo
1049 2820 1203 2901 Neronis,
1218 2822 1275 2885 sed
1290 2818 1407 2885 Domi-

305 2922 398 2998 tiani,
413 2923 467 2986 cui
480 2928 514 2987 et
528 2922 590 2988 hoc
612 2943 730 2989 nomen
743 2923 819 3001 fuit,
835 2923 1062 3010 accipiendum
1078 2943 1154 2989 esse
1168 2926 1307 3007 arguunt
1319 2940 1407 3005 prae-

307 3020 460 3087 cedentia
474 3022 517 3085 dc
532 3024 655 3088 Statio:
679 3045 727 3089 vs.
739 3026 794 3090 86.
810 3024 864 3089 87.

651 3164 703 3227 aad
716 3188 783 3228 cum
788 3163 895 3249 fregit
910 3164 1054 3228 subsellia
1070 3185 1168 3242 versa,

437 3262 558 3345 Esurit,
574 3267 724 3329 intactam
742 3264 859 3329 Paridi
874 3265 934 3329 nisi
949 3264 1061 3330 vendat
1079 3266 1223 3353 Agauen.

307 3414 360 3477 De
379 3412 549 3477 Thebaide
574 3414 673 3478 Statii
702 3432 810 3478 sermo
837 3418 898 3490 est,
924 3432 1025 3496 quam
1050 3413 1236 3477 elaboravit
1257 3412 1325 3477 ille·
1341 3416 1407 3478 sub

305 3512 512 3593 Domitiano,
526 3520 563 3580 ut
584 3521 617 3580 et
637 3516 764 3599 reliqua
776 3515 942 3599 podmata.
978 3513 1132 3579 Carmine
1149 3516 1250 3579 etiam
1271 3516 1408 3580 certavit

305 3616 340 3679 in
356 3612 473 3698 Agaue
496 3614 699 3701 Capitolino,
714 3635 812 3700 quem
835 3616 1045 3680 Domitianus
1066 3616 1218 3695 instituit,
1237 3636 1299 3681 nec
1313 3616 1405 3692 vicit,

306 3718 396 3801 quod
409 3738 483 3783 eum
503 3723 580 3783 tunc
602 3723 705 3783 totum
721 3718 787 3783 sibi
801 3719 981 3784 vindicaret
1002 3738 1064 3783 sua
1080 3716 1236 3785 'lhebais
1275 3715 1406 3782 Po'e'tnm

307 3814 438 3881 Paridis
459 3840 535 3885 eum
557 3827 656 3886 vocat
679 3819 870 3895 Suetonius,
885 3818 975 3903 quod
995 3817 1135 3901 Agaven
1156 3820 1273 3885 Paridi
1293 3818 1407 3883 rendi·

306 3918 419 4003 disset.
465 3922 519 3985 Dc
532 3922 647 3985 eodem
663 3921 836 3986 iuvenalis
850 3920 973 3991 ibidem
986 3940 1020 3984 v.
1035 3921 1090 3986 93.

437 4064 539 4131 Haud
547 4080 650 4133 tamen
665 4069 802 4133 inuideas
817 4067 895 4145 auti,
909 4091 995 4155 quem
1006 4066 1133 4153 pulpita
1145 4077 1293 4152 pascunt:

304 4212 398 4275 vatos
422 4210 509 4273 enim
528 4210 731 4294 pantomimi,
759 4214 816 4296 qui
843 4214 989 4277 carmina
1012 4212 1171 4277 scriberet
1193 4210 1407 4276 histrionibus
