3184 4917
658 406 801 456 sartos
822 406 859 454 V.

208 552 374 631 Cultcllo‚¹
384 552 490 618 donec
506 556 641 637 peragat
654 552 782 617 dictate
794 552 943 635 magistri

207 654 347 720 Omnia:
370 675 431 719 nec
445 656 580 720 minimo
595 673 673 719 sane
687 654 874 719 discrimine
888 654 986 718 refert

208 754 286 833 Quo
300 762 395 837 gestu
408 756 549 839 lepores,
560 762 604 819 et
619 775 686 839 quo
702 756 826 836 gallina
838 762 978 820 secetur.

211 856 352 921 Duceris
368 858 496 940 planta,
515 859 605 921 velut
618 860 706 921 ictus
720 860 763 921 ab
779 857 927 921 Hercule
938 856 1062 935 Cocus,
1246 858 1313 923 125

210 957 252 1021 Et
267 979 387 1041 ponere
401 959 492 1035 soris,
515 960 639 1042 siquid
655 961 830 1023 tentaveris
849 978 995 1043 unquam

212 1061 365 1139 Hiscere,
390 1067 545 1143 tanquam
560 1061 684 1125 habeas
699 1061 762 1124 tria
779 1063 925 1125 nomina.
970 1058 1118 1137 Quando
1132 1061 1289 1144 propinat
1342 1136 1347 1145 ¹

211 1161 310 1227 Virro
325 1162 402 1240 tibi,
419 1164 582 1245 sumitque
596 1162 662 1227 tuis
677 1167 832 1226 contecta
846 1162 978 1227 labellis

210 1343 268 1391 cerii
278 1346 394 1405 precepto
404 1343 506 1391 doctoris
514 1344 631 1393 tcsicersu.
665 1345 747 1406 Neque
756 1359 832 1407 pum
841 1350 904 1394 certe
914 1344 940 1393 di
962 1345 1051 1393 creatis
1060 1342 1167 1403 interm,
1183 1358 1229 1405 qus
1237 1342 1313 1403 gesti·

210 1407 325 1456 culuiiettc
342 1409 439 1470 lepores,
455 1412 476 1455 et
496 1423 541 1471 quc
560 1410 657 1469 gallim
672 1410 834 1459 cuduntur.
875 1410 897 1458 Ρ
930 1411 935 1421 “
997 1407 1129 1471 cupidinis
1148 1411 1176 1457 ut
1194 1409 1270 1455 Cucas
1283 1407 1313 1454 ch

213 1471 316 1521 Hucule
327 1485 459 1535 pmcussus,
474 1478 544 1535 utque
558 1474 671 1523 dolueris
691 1478 770 1535 extra,
786 1474 808 1521 si
826 1473 916 1536 aliquid
934 1473 998 1523 sude
1017 1487 1118 1535 ιιιιφιιιιι
1134 1470 1228 1532 mutire,
1247 1472 1314 1533 qussi

209 1548 281 1597 geras
295 1540 345 1585 tres
363 1536 536 1599 appellutioucc.
572 1538 697 1601 Ecquando
709 1537 753 1586 tihi
769 1537 839 1587 Virro
850 1538 958 1588 calicem
972 1538 1086 1600 porrigit,
1102 1552 1130 1585 uc
1146 1536 1259 1599 scyphum
1275 1550 1313 1583 ue·

214 1771 282 1805 am.
299 1770 339 1818 pr.
357 1760 397 1806 21.
414 1760 455 1804 dt.
491 1756 663 1805 chirouumerrtu
681 1760 722 1805 45.
759 1756 906 1805 chirstum
930 1759 969 1804 19.
1005 1756 1156 1819 ciyrmetu
1183 1758 1315 1805 ldaem.

215 1824 262 1871 121
281 1821 307 1868 in
321 1824 361 1870 1³.
378 1822 416 1868 ita
432 1820 567 1869 coaluere:
594 1822 703 1869 cultello.
730 1823 771 1869 sed
790 1836 833 1869 nec
850 1820 944 1869 minimo
963 1820 1098 1868 discrimine
1114 1818 1196 1877 refert.
1216 1822 1317 1881 perugut

214 1886 360 1933 mutati.
386 1887 501 1945 magister
510 1889 633 1933 29.-123
651 1900 680 1934 ue
692 1889 730 1943 19,
743 1890 783 1935 23.
812 1884 897 1950 differt
913 1888 1037 1933 doe-124
1051 1888 1137 1945 gusua
1155 1888 1193 1931 14.
1224 1887 1317 1931 secutur

215 1952 338 1998 dle-126
354 1947 424 2007 sorus
441 1954 481 1998 17.
497 1954 538 1998 20.
558 1954 598 1998 21.
616 1963 632 1996 a
649 1964 749 1999 nnsec.
777 1950 829 2012 quis
847 1952 888 1997 tt.
909 1952 1030 1998 411-127
1059 1946 1315 1996 Discere...nomitsu.

216 2013 325 2062 Plurima
335 2018 390 2061 suut
401 2028 453 2075 quc
466 2020 517 2061 cet.
530 2016 567 2061 11.
602 2013 750 2063 nocuere.
762 2018 802 2063 22.
842 2028 978 2077 quemquam
997 2018 1038 2063 22.
1080 2011 1158 2075 idque
1176 2025 1227 2059 non
1249 2010 1318 2059 male

217 2076 384 2140 conjecerant
398 2078 496 2139 ltigalt.
508 2084 535 2125 ct
547 2078 633 2125 (ἕπει.
644 2087 672 2127 ut
682 2094 771 2127 sensus
783 2078 833 2126 sit:
852 2092 998 2142 quiunquam
1008 2078 1042 2125 sis
1054 2076 1154 2137 nobilis,
1164 2074 1218 2139 (vel
1228 2074 1317 2137 potius

216 2142 341 2204 ingenuus
350 2158 370 2189 s.
382 2142 468 2205 eiris‚)
481 2142 599 2191 ritamen
611 2156 755 2205 pauperes,
774 2142 902 2191 indicitis
915 2157 1005 2190 mensa
1015 2155 1066 2189 non
1079 2139 1186 2187 audebis
1207 2138 1318 2201 hiscere,

216 2206 342 2253 nisivelis
358 2205 428 2268 ejici.
470 2205 504 2253 lis
523 2205 680 2268 astipulatur
701 2205 833 2267 Sclrurzd,
850 2208 893 2269 qui
914 2212 1012 2265 monet,
1028 2216 1141 2253 errorem
1160 2218 1193 2251 ex
1212 2204 1265 2252 uuti
1285 2217 1319 2251 uu

217 2270 307 2333 script.
341 2284 435 2318 cumam
445 2276 530 2319 ortum
542 2284 608 2330 esse,
625 2277 737 2318 etvetus
750 2270 864 2318 scholion
875 2271 901 2317 in
913 2284 959 2317 sno
970 2269 1028 2317 cod.
1046 2268 1159 2328 integi:
1177 2265 1225 2315 Sed
1236 2219 1320 2315 melias

217 2334 266 2383 sic:
281 2348 410 2398 quanquam
426 2332 509 2383 nolitis
520 2334 563 2399 sis,
580 2340 603 2383 et
619 2334 704 2383 hulcus
719 2334 770 2383 tris
780 2336 883 2399 uomina,
898 2341 926 2382 ct
939 2335 1017 2382 Circus
1029 2332 1151 2383 (Ῑιιιιιιὶίιιι
1161 2330 1241 2395 Scipio
1257 2336 1281 2379 ct
1297 2331 1319 2379 si

717 2494 824 2547 NOTAE

220 2604 340 2666 dissecat,
354 2609 381 2653 et
392 2605 506 2654 convivis
520 2601 604 2656 facete
620 2607 749 2658 ministrat
788 2607 880 2671 aliquis
900 2602 1034 2656 scindendi
1056 2606 1155 2657 obsonii
1183 2602 1322 2669 magister?

219 2696 248 2733 ac
260 2678 376 2747 apponit
789 2685 835 2746 Et,
852 2684 885 2732 ud
902 2682 982 2731 Lucil.
999 2682 1081 2743 Epist.
1091 2685 1133 2729 dt.
1152 2680 1244 2729 ‘Alius
1262 2693 1320 2742 pre·

255 2760 446 2826 Ciirusomoatc]
458 2762 552 2811 Manus
563 2761 700 2811 artificiose
713 2763 749 2810 di·
789 2760 868 2807 tiosas
883 2772 944 2806 eres
963 2757 1067 2818 scindit,
1083 2765 1110 2805 ct
1127 2770 1174 2819 per
1189 2762 1281 2818 pectus
1292 2760 1321 2804 et

221 2835 356 2897 rigentem,
368 2851 398 2885 ac
409 2837 604 2899 gesticulantem
614 2839 751 2901 tumente,
790 2835 878 2883 clunes
899 2832 979 2883 certis
996 2832 1114 2882 ductibus
1137 2828 1322 2881 circumferens

221 2920 252 2959 ut
274 2911 399 2975 gladiolus
416 2926 467 2975 quo
482 2913 587 2975 scindit,
610 2914 695 2962 rolure
716 2915 752 2961 vi·
791 2911 920 2959 eruditam
937 2924 1050 2968 manum,
1065 2909 1093 2957 in
1111 2906 1321 2957 frusteexeutit!

222 2985 325 3049 dentur,
342 2988 407 3035 adeo
424 2995 542 3037 versatur
559 2989 672 3050 agiliter,
688 2988 752 3052 Χιὶρ,
826 2989 873 3033 124
891 2985 944 3039 Quo
952 2988 1022 3044 gestu
1032 2984 1129 3045 lepores,
1144 2982 1197 3044 isc]
1216 2981 1323 3031 Diversi

222 3078 313 3125 munio,
328 3071 356 3112 et
374 3060 452 3123 νόμοι,
477 3065 524 3113 lex.
565 3064 754 3127 Hetaphoras
794 3060 891 3126 quippe
908 3059 972 3107 ritus
988 3058 1140 3107 concidendi
1158 3058 1275 3120 singulm
1295 3064 1325 3107 et

225 3138 380 3199 Chironumis,
398 3139 440 3203 qui
453 3140 531 3189 certis
545 3154 664 3189 manuum
682 3142 755 3192 moti-
794 3136 822 3185 in
838 3136 916 3185 variis
930 3136 1008 3185 ιιιίιι
1018 3134 1227 3197 gesticulationes
1238 3135 1325 3185 ohser-

223 3214 270 3265 hus
282 3228 312 3262 uc
325 3215 439 3277 gestibus
452 3217 592 3267 saltabant.
794 3214 920 3263 vsbantur
928 3227 945 3261 a
953 3211 1043 3275 peritis
1052 3212 1102 3261 illis
1109 3226 1204 3261 mensae
1213 3210 1326 3261 doctori·

256 3292 304 3338 122
322 3290 448 3355 Magistri]
471 3292 597 3357 Trypheri
617 3293 754 3343 couciden·
794 3290 841 3339 hus
853 3304 883 3338 uc
891 3288 1026 3337 ministris.

225 3364 316 3415 dorum
336 3380 368 3412 cx
383 3374 438 3415 arte
450 3367 565 3417 ciborum
578 3369 701 3431 doctoris,
721 3369 755 3417 de
829 3370 874 3414 125
892 3366 993 3413 Duccris
1006 3362 1100 3427 pisctu]
1137 3365 1216 3413 Foras
1240 3368 1326 3412 extm-

227 3456 277 3505 quo
293 3441 369 3489 satir.
384 3456 420 3491 xr.
436 3458 472 3491 vs.
489 3447 544 3493 117.
581 3445 664 3493 Erunt
686 3444 755 3493 eninr
795 3441 864 3489 heris
882 3440 990 3503 perinde
1004 3454 1035 3490 uc
1050 3441 1094 3489 ille
1113 3442 1197 3491 Cacus
1212 3440 1273 3488 olias
1292 3437 1326 3486 ab

141 3566 147 3577 „
227 3518 316 3565 Romae
327 3518 370 3580 qui
382 3518 507 3568 docerent
515 3534 571 3567 eam
584 3526 676 3579 artem,
687 3520 713 3567 in
722 3520 756 3567 al·
797 3516 920 3566 Hercule.

226 3592 314 3641 tilibus
326 3593 426 3655 ligneir,
445 3601 474 3643 ut
491 3602 582 3657 postea
593 3594 695 3645 dicetur
705 3609 757 3643 um·
831 3590 919 3654 Cacus]
947 3593 1039 3655 Gigas,
1059 3606 1134 3655 quem
1153 3592 1227 3639 clava
1246 3589 1327 3639 ictum

227 3666 303 3731 plius,
319 3668 395 3717 Satir.
406 3669 524 3717 nimirum
535 3681 574 3717 xl.
595 3670 662 3719 Pliu.
674 3682 702 3719 x.
714 3673 755 3717 50.
797 3668 924 3717 Hercules
934 3666 1076 3727 interiecit,
1089 3668 1157 3731 quod
1176 3680 1234 3716 suas
1250 3665 1328 3715 boves

227 3742 344 3791 ‘Postea
363 3744 505 3793 culinarum
525 3751 602 3807 artes,
621 3752 650 3793 ut
670 3744 757 3793 clunes
796 3742 955 3805 abduxisset,
977 3752 1005 3793 et
1023 3744 1113 3805 planta
1126 3749 1328 3805 arreptumepru·

229 3828 390 3882 spectentur,
408 3829 437 3869 ut
448 3821 595 3871 dividantur
607 3822 631 3869 in
645 3829 758 3883 tergora,
798 3819 876 3867 traxit
893 3835 926 3867 ex
947 3826 1022 3868 antro
1039 3820 1066 3867 in
1087 3818 1156 3881 quod
1175 3816 1328 3865 t'urtumille

229 3901 280 3943 uta
289 3894 356 3956 pede
367 3910 417 3945 uuo
425 3896 548 3947 dilutatae’
559 3898 690 3961 (guttim)
703 3900 758 3943 ‘re-
799 3910 872 3943 suurn
882 3900 1057 3959 compegerat.
1074 3894 1147 3955 Virg.
1155 3891 1255 3941 AEneld.
1265 3904 1329 3940 viu.

230 3970 355 4034 positoris
366 3974 513 4036 occupent!
537 3974 636 4022 Seneca
648 3971 680 4021 de
695 3974 758 4021 Brc·
799 3970 856 4021 hir.
869 3985 887 4020 r.
897 3972 1007 4035 Eutrop.
1019 3969 1129 4032 Dionys.

230 4048 276 4097 rit.
294 4046 355 4095 vitae
374 4063 397 4097 c.
418 4052 457 4097 12.
483 4050 603 4101 ‘Quanta
622 4056 679 4096 arte
695 4047 760 4096 scin·
834 4052 880 4097 127
896 4046 1009 4109 Hiscere]
1021 4046 1331 4106 Obmurmurareqtcott·

230 4124 324 4172 duntur
343 4136 402 4171 avet
420 4122 446 4171 in
464 4122 546 4173 frusta
560 4138 611 4171 non
628 4121 759 4185 enormia,'
802 4124 874 4187 queri
887 4122 996 4175 defucto
1007 4122 1053 4171 tihi
1065 4121 1169 4185 injuria.

231 4202 280 4251 dcc.
315 4198 676 4250 ldendevunbeatucur.
695 4199 760 4247 ιΡιι-
836 4198 1051 4261 Tanquuurhuheus
1069 4198 1119 4246 triu
1133 4197 1238 4260 mutim]
1259 4197 1331 4246 Ρη-

231 4274 282 4325 rite
298 4274 417 4327 scruitnr'
437 4274 515 4342 (eliis,
530 4274 644 4342 struitur)
659 4276 704 4325 ‘ct
722 4279 761 4325 cst
802 4289 904 4341 nomen,
928 4289 1048 4338 nomeu„
1063 4289 1224 4345 cognomen
1249 4282 1281 4325 ert
1301 4275 1334 4323 Cr
