3184 4917
300 406 345 473 ⁴2
803 399 891 465 vrrs
973 404 976 410 '

298 562 467 646 publicum
482 558 659 627 emittendi.
703 560 785 625 Inde
809 566 920 626 tantm
941 560 997 625 ilie
1017 558 1219 625 nnunuum
1232 576 1396 636 numnis,

299 664 340 729 de
355 663 471 748 quoin
485 663 591 745 prima
605 660 727 738 Satira,
750 678 828 725 oum
847 680 925 746 spes
950 658 1008 724 illa
1034 661 1120 725 lucri
1139 666 1325 744 appareret,
1346 661 1397 724 di·

299 771 386 831 terite
410 765 626 849 professores,
666 764 714 827 uli
738 763 895 840 vidirnns,
928 761 1112 826 Hadriano.
1167 759 1291 825 Omnes
1319 779 1397 845 ergo

300 867 426 932 Satires
450 867 512 931 sub
537 864 710 930 Hadriano
734 864 841 931 editos
863 864 1106 940 existimamus,
1127 880 1192 926 non
1212 868 1397 946 postremus

299 966 538 1044 bantummodo,
559 964 713 1031 utrolnit
727 963 923 1029 Salmasius.
967 961 1113 1029 Paratus
1125 964 1210 1027 enim
1234 964 1278 1026 ad
1301 964 1398 1027 etlili-

300 1082 396 1133 onem
410 1084 477 1131 uno
491 1067 671 1150 eodemque
681 1073 826 1149 ternpore
840 1066 943 1129 fnisse
956 1062 1009 1130 rei
1023 1064 1102 1128 illud
1117 1064 1236 1146 arguit,
1250 1064 1338 1148 qnod
1350 1062 1397 1126 tie

298 1168 373 1233 illas
387 1174 492 1252 terque
506 1167 659 1230 recitaret.
705 1166 784 1230 Non
799 1167 926 1231 scilicet
940 1166 1088 1242 seorsim,
1109 1166 1168 1229 sed
1190 1166 1266 1229 unis
1291 1167 1396 1230 eonti-

296 1271 434 1353 nnisqne
447 1269 709 1344 recitationibus,
723 1286 806 1350 quas
821 1267 952 1350 quidem
966 1273 1043 1331 ante
1055 1265 1192 1331 exilium
1202 1268 1394 1350 scripserat,

297 1371 478 1434 universos.
508 1367 659 1452 Crnnque
672 1367 731 1431 diu
747 1387 783 1431 se
798 1386 820 1431 a
833 1368 1023 1432 recitatione
1035 1366 1240 1445 conumeut,
1255 1368 1396 1451 proinde

299 1472 377 1533 enni
401 1484 536 1533 oxvrn.
559 1469 634 1546 fine,
656 1468 748 1531 feriis
771 1468 923 1545 sonasse,
947 1484 1030 1552 quas
1059 1469 1308 1533 recitationibus
1328 1469 1398 1553 pie·

173 1624 176 1632 ,
299 1586 438 1653 rumque
451 1570 589 1647 dabant,
599 1568 867 1645 vindemialibus,
881 1576 1070 1641 nouantem
1081 1571 1219 1647 oesfivis,
1233 1570 1398 1634 recitarit,

299 1668 446 1747 Ultimas
462 1670 589 1735 Satires
602 1691 624 1734 n
638 1688 725 1735 xm.
742 1678 810 1739 tum
822 1679 912 1737 certe
926 1671 1068 1753 scriptae
1084 1678 1162 1734 nota
1180 1671 1238 1733 iila
1259 1687 1398 1753 sexage-

299 1772 375 1835 simi
390 1791 412 1836 a
427 1772 556 1839 Fonteii
572 1774 746 1837 consulatu
761 1774 837 1836 enni
861 1771 967 1846 docet,
988 1769 1089 1833 etiam
1110 1771 1302 1834 observante
1324 1770 1398 1834 Sal-

298 1874 415 1939 mesto.
469 1870 525 1936 Ad
553 1874 693 1956 Trajani
717 1874 817 1937 etium
838 1878 990 1954 tempora
1018 1870 1173 1933 exeuntia
1199 1872 1399 1953 spectanont

298 1982 386 2035 terro
401 1980 499 2035 moins
512 1974 572 2050 illi,
585 1992 723 2057 quonum
739 1975 863 2037 mentio
875 1970 1068 2038 occurritis
1081 1968 1396 2037 senonensem.

298 2074 491 2139 observante
507 2074 635 2158 Lipsio.
680 2075 760 2139 Erat
782 2076 870 2139 enirn
891 2080 987 2139 terroe
1011 2075 1122 2138 motus
1145 2068 1202 2135 ille
1224 2090 1312 2137 enno
1333 2088 1398 2156 pro

298 2174 417 2240 nostris
446 2176 585 2240 calculis
611 2183 891 2253 ox.1v.exennte,
918 2192 980 2259 pro
1002 2174 1146 2257 receptis
1174 2178 1284 2238 eutem
1306 2188 1399 2237 oxr.

298 2275 413 2341 iudom
427 2283 574 2341 exermis.
618 2276 663 2342 Et
678 2274 863 2340 Frontonem
876 2277 981 2354 iilum,
1005 2274 1102 2360 cujus
1116 2274 1243 2358 platani
1260 2280 1294 2339 et
1314 2290 1400 2337 mar·

298 2394 390 2441 mors
412 2378 579 2460 perpetuis
601 2376 773 2462 po'e'tsrnm
798 2378 1051 2447 recitationibus
1072 2378 1244 2454 sonabant,
1279 2381 1398 2439 utnon

299 2475 397 2541 docet
421 2476 592 2542 lovennis
617 2479 693 2561 ipso
718 2474 788 2542 Sat
804 2492 829 2540 ι.
854 2479 961 2555 initio,
986 2494 1053 2541 non
1076 2476 1179 2539 alium
1198 2477 1355 2539 erluino
1377 2492 1400 2538 u

299 2577 511 2643 celeberrimo
532 2576 672 2644 Oratore
687 2574 738 2642 Μ.
756 2574 902 2642 Cornelio
918 2574 1085 2655 Frontone,
1109 2573 1218 2640 Marci
1237 2575 1400 2659 Luciique

204 2692 208 2702 ’
298 2675 537 2745 Antoninorum
552 2678 728 2762 Magistro,
751 2682 810 2764 qui
827 2682 891 2745 sub
911 2679 1087 2743 Hadriano
1100 2678 1270 2761 precipue
1285 2682 1320 2740 et
1333 2674 1398 2739 Pio

298 2784 332 2845 et
345 2778 462 2845 Marco
476 2780 596 2859 floruit,
618 2800 659 2844 ne
673 2780 717 2845 ad
738 2786 889 2865 tempora
901 2776 1075 2847 Hadriano
1089 2778 1277 2862 antiquom
1293 2776 1401 2860 possit

298 2881 468 2947 comode
481 2882 604 2947 referri.
640 2882 736 2949 Vidit
749 2884 841 2949 iilum
856 2887 944 2948 certe
957 2880 1152 2964 audivitque
1164 2879 1226 2943 snb
1240 2876 1306 2941 Pio
1318 2876 1399 2942 Gel-

297 2981 374 3045 lius.
416 2979 537 3065 (Noct.
556 2983 626 3050 Ait.
653 2999 742 3049 1111.
760 2984 819 3049 28,
841 2998 928 3047 xix.
951 2981 985 3048 8.
999 2983 1053 3046 lo.
1067 2978 1142 3063 13.)
1182 2978 1400 3044 Gomuotno

252 3112 253 3117 κ
298 3084 408 3145 auem
421 3082 486 3145 snb
499 3083 664 3165 discipulo
677 3087 790 3167 gessit,
811 3090 850 3148 ut
869 3084 1013 3174 ridetur,
1035 3080 1164 3144 Murco.
1209 3079 1323 3155 Erunt,
1350 3079 1402 3142 ia·

298 3184 380 3257 teor,
409 3180 467 3245 alii
489 3200 621 3265 qnoque
644 3184 710 3247 illis
731 3186 934 3267 temporibus
950 3178 1129 3256 Frontones,
1152 3184 1189 3243 nt
1210 3179 1402 3243 obseravit

299 3280 379 3344 olim
404 3282 446 3346 ad
470 3282 582 3346 locmn
607 3282 750 3367 junioris
777 3282 877 3347 Plinii
901 3280 1094 3347 Quone,
1138 3279 1180 3343 In
1206 3277 1275 3342 iliis
1297 3279 1400 3341 etism

299 3378 424 3475 Fronto
440 3380 556 3447 Catius
571 3384 633 3447 sub
647 3384 793 3468 liajano
807 3382 928 3447 Orator
948 3389 984 3447 et
1002 3384 1077 3466 ipse
1088 3387 1123 3445 ct
1134 3381 1275 3446 θωαιιπ
1289 3376 1400 3443 Plinio

298 3482 364 3566 ipsi
373 3500 509 3549 ooaerus
531 3488 565 3547 et
587 3486 632 3549 ab
654 3487 695 3549 eo
717 3502 783 3549 non
796 3502 864 3549 nno
876 3486 913 3548 in
923 3484 1000 3550 loco
1013 3488 1224 3548 memoratos.
1257 3478 1400 3565 (Epir.

298 3584 351 3650 11.
369 3601 420 3649 iv.
434 3582 468 3651 9.
487 3602 537 3650 vr.
551 3583 622 3670 13.)
652 3586 752 3652 Ilinnr
766 3586 980 3671 grandevum
994 3584 1173 3649 admodum
1181 3582 1284 3648 inisse
1298 3599 1396 3666 opor·

298 3690 355 3763 tei,
378 3686 409 3750 si
425 3684 533 3752 Murci
547 3694 697 3773 tempora
717 3691 871 3775 attigerit,
895 3689 926 3753 si
945 3687 1046 3753 Plinii
1067 3691 1216 3770 ternpore
1237 3688 1336 3748 ento
1348 3681 1401 3745 in·

298 3788 361 3853 erit
372 3790 547 3855 ambria.
574 3790 788 3875 Quemque
801 3809 882 3858 sene
894 3788 1033 3855 credidit
1046 3785 1235 3853 &manua
1273 3782 1400 3847 Neritio

299 3906 344 3953 an
355 3899 453 3955 recto.
497 3890 565 3955 Sed
579 3897 765 3977 temporum
777 3895 876 3970 mun,
896 3898 932 3956 et
950 3891 1047 3954 favor
1061 3888 1097 3951 iu
1114 3886 1206 3951 illum
1220 3881 1398 3958 nenne,

299 3996 332 4054 et
354 4008 416 4073 pur
438 3990 523 4055 adeo
541 3992 631 4057 illins
653 3995 688 4057 in
715 3995 861 4059 litursws
875 3992 1021 4058 sutilium
1041 3988 1078 4052 id
1100 3986 1252 4061 efficient,
1273 3987 1312 4046 ²*
1330 3998 1399 4045 Μ

299 4088 402 4155 abunt
423 4090 517 4156 illurn
535 4088 640 4155 luisse
654 4094 926 4159 verisinulllmum
942 4092 987 4155 sit
1010 4108 1032 4154 s
1054 4084 1166 4152 llaroi
1177 4085 1396 4168 preceptore,

299 4190 341 4255 ‹lc
360 4208 428 4273 qno
448 4190 591 4275 ioquin
604 4190 784 4259 luvenalis.
829 4192 872 4258 ld
893 4196 1002 4257 brnen
1015 4189 1186 4273 praecipne
1199 4180 1327 4261 mot,
1348 4180 1399 4247 uti
