3184 4917
642 381 694 432 nn
716 381 796 432 sar.
820 383 888 439 vu.
1253 374 1326 446 468

214 535 336 596 amnt.
358 529 462 595 stoa
479 526 715 617 aleranni.
735 529 1124 619 coenomanensis
1136 557 1203 603 non
1217 496 1317 607 mono

216 633 365 799 ma
375 630 518 714 heroica,
527 633 588 698 sed
612 633 711 698 etiam
725 635 914 717 tragoedioe‚
928 656 961 701 v.
976 656 1008 701 0.
1023 638 1172 721 ejusdem
1185 639 1271 707 Attii
1285 649 1318 709 et

647 976 886 994 *n—

472 1295 476 1302 .
555 1183 981 1266 excunsns

626 1415 679 1467 An
695 1417 768 1469 SAT.
785 1419 849 1471 vn.
867 1425 909 1470 02.

256 1625 335 1696 Eue
350 1629 477 1696 restitui
491 1648 536 1692 ex
544 1630 578 1695 4.
609 1628 669 1694 Est
681 1634 760 1695 nota
770 1650 841 1696 vox
855 1631 1067 1699 Baccharum
1082 1635 1209 1720 015(οι
1225 1635 1254 1700 nl
1270 1637 1313 1723 ol)

210 1740 243 1798 et
257 1733 470 1808 exclamatio,
485 1751 560 1796 cnm
579 1734 754 1814 praesentis
768 1733 911 1798 numinis
926 1753 1025 1798 sensu
1047 1739 1320 1823 perturbarem,

210 1852 251 1898 ac
266 1833 417 1911 furerent,
428 1835 541 1899 utebar
554 1840 586 1898 et
601 1835 702 1912 σαβοῖ,
714 1833 764 1921 (v.
780 1834 875 1916 Virg.
891 1835 970 1900 AEn.
989 1853 1054 1900 vrr.
1070 1837 1149 1902 389.
1163 1846 1197 1904 et
1211 1840 1313 1910 Ouid.

211 1934 294 2001 Met.
309 1953 360 2002 ιν.
374 1933 469 2020 522.)
478 1936 562 2000 unde
577 1936 787 2002 Baccbautcs
797 1935 875 2000 Εὕῖω
886 1940 1018 2022 γυναῖκες
1031 1939 1182 2004 dicuntur
1198 1941 1317 2035 Ειιιὴ).Ι

209 2037 329 2104 Pboen.
340 2038 416 2104 660.
431 2043 463 2102 01
476 2038 551 2120 ipse
566 2037 722 2102 Bacchus
737 2041 864 2124 passim
886 2035 980 2116 Εὸϊος,
998 2037 1108 2102 Euius.
1124 2062 1157 2107 v.
1172 2043 1312 2110 Barnes.

208 2140 252 2206 ad
267 2139 382 2223 Eurip.
397 2139 522 2208 Bacch.
537 2139 612 2204 141.
628 2144 662 2203 01
680 2140 842 2207 Bourdin.
857 2141 901 2206 ad
916 2141 1090 2226 Aristopb.
1107 2142 1311 2229 Thesmoph.

207 2241 283 2326 999.
328 2241 454 2305 Eadem
477 2259 561 2306 voce
579 2240 678 2304 etiam
700 2240 862 2306 Horatius
884 2243 919 2306 in
941 2261 1072 2306 summo
1090 2243 1314 2312 andrusiasmo

207 2363 287 2428 usus
301 2349 350 2408 est
365 2341 430 2406 Od.
449 2358 488 2407 11.
504 2343 558 2408 19.
574 2343 608 2406 5.
621 2341 757 2408 7.-nlre
776 2345 831 2408 10.
847 2346 902 2409 15.
916 2346 972 2410 24.
987 2345 1043 2410 25.
1057 2346 1112 2409 50.
1126 2347 1181 2410 54.
1197 2348 1312 2418 5660.

206 2443 319 2514 62-09.
352 2445 465 2510 71-74.
496 2445 551 2510 77.
588 2445 679 2528 qnod
723 2447 910 2528 probabant
945 2447 1110 2522 ariam..
1153 2445 1311 2529 Farnan„

208 2543 380 2623 Scburafi„
396 2544 522 2610 Babrdt
537 2550 571 2608 et
594 2546 663 2623 alii,
676 2546 751 2624 coll.
766 2547 888 2611 Horat.
905 2547 974 2613 Sat.
988 2565 1013 2613 1.
1027 2550 1060 2611 5.
1075 2549 1129 2612 12.
1164 2552 1246 2614 105.
1256 2552 1311 2616 96.

207 2645 353 2714 Martial.
371 2662 421 2708 rv.
436 2644 489 2708 91.
513 2645 543 2708 1.
579 2643 690 2708 Plaut.
714 2643 826 2710 Aulul.
852 2664 877 2708 1.
894 2649 929 2710 1.’
943 2647 998 2712 16.
1013 2647 1056 2711 al.
1083 2651 1205 2730 qnibns
1224 2651 1311 2716 locis

204 2747 374 2814 fastidium
396 2746 601 2826 satiatusque
618 2744 681 2808 bac
696 2763 780 2808 voce
804 2744 1006 2826 designatnr.
1048 2747 1117 2810 Sed
1139 2745 1194 2811 ote
1215 2753 1311 2816 mulli

206 2845 332 2925 dixere,
347 2866 410 2909 ena
431 2863 510 2910 vero
524 2848 646 2928 praeter
671 2843 847 2908 Horatium
863 2865 971 2924 nemo,
985 2847 1049 2910 nisi
1064 2845 1104 2910 de
1119 2849 1204 2932 ipsis
1221 2851 1309 2918 Bac·

206 2949 295 3014 chin:
320 2949 469 3034 adeoque
481 2948 545 3012 bac
558 2965 641 3010 voce
649 2945 769 3028 magis,
784 2965 886 3029 qnam
897 2947 965 3023 illa,
978 2949 1160 3014 carminum
1175 2950 1310 3020 Horatii

204 3051 331 3116 indoles
353 3055 387 3113 ct
410 3049 582 3114 character
605 3045 830 3126 adumbratur,
853 3054 891 3112 nt
911 3068 991 3114 mox
1004 3070 1048 3130 6v.
1062 3051 1117 3116 68.
1136 3072 1210 3136 sqq.
1231 3053 1308 3120 Vir-

178 3143 181 3151 ’
205 3153 334 3234 gillanae
360 3150 532 3224 AEueidos,
551 3147 665 3212 habito
687 3154 842 3232 respectu
857 3148 924 3213 loci
941 3147 983 3213 de
1002 3147 1121 3216 Alecto
1141 3153 1219 3218 AEn.
1240 3171 1307 3220 n‘rr.
1376 3151 1380 3157 ’

205 3251 324 3322 Errant
345 3255 465 3327 autem,
481 3250 538 3334 qni
553 3268 615 3310 enoe
629 3255 662 3312 et
683 3245 738 3312 010
754 3250 923 3316 vocabula
945 3271 1019 3316 esse
1042 3272 1238 3339 synonyma,
1254 3257 1308 3324 vel

204 3351 260 3416 ode
281 3354 383 3418 etiarn
405 3353 438 3415 in
454 3350 577 3414 Horat.
601 3350 624 3414 1.
651 3349 673 3413 1.
699 3351 908 3416 scribendum
924 3353 1251 3420 existimant-ecla
1274 3361 1308 3424 9.

204 3461 236 3522 et
249 3453 304 3520 23.
320 3475 342 3518 a
357 3475 401 3518 m.
414 3473 462 3537 pr.
477 3457 514 3516 ut
526 3471 579 3534 ap.
595 3435 710 3514 Sidon.
727 3449 837 3534 Epist.
848 3469 931 3517 vrrr.
941 3454 974 3517 9.
987 3458 997 3486 ‘
1014 3453 1167 3520 Forsitan
1188 3457 1307 3526 Satiri-

204 3575 280 3632 cum
302 3556 384 3620 illud
399 3555 440 3618 de
459 3553 602 3618 Satirico
617 3570 681 3615 nou
693 3550 893 3616 recordaris:
917 3551 1096 3630 Saturast,
1119 3575 1196 3620 cum
1220 3557 1306 3626 dicit

204 3657 366 3724 Horatius
381 3656 489 3722 Euhoe
499 3652 627 3718 '-dode
641 3654 694 3718 11.
705 3654 760 3725 13.
783 3651 840 3716 doe
857 3655 908 3719 16.
921 3655 975 3720 17.
990 3655 1044 3722 22.
1059 3657 1113 3722 27.
1128 3659 1183 3722 45.
1214 3657 1306 3723 elohe
1358 3693 1362 3699 ·

202 3759 257 3823 21.
303 3756 424 3822 Henna
447 3759 501 3822 14.
525 3755 637 3822 18-20.
660 3756 715 3819 23.
739 3775 760 3817 a
779 3775 825 3818 m.
846 3774 913 3820 sec.
927 3756 983 3821 49.
998 3757 1052 3822 55.
1099 3753 1303 3829 1100011012.

202 3861 315 3927 46-48.
333 3861 386 3925 61.
401 3861 454 3924 70.
469 3861 524 3923 75.
539 3858 593 3921 70.
610 3854 805 3922 82-00111
819 3855 940 3922 Horat.
955 3855 1020 3920 Od.
1037 3874 1078 3922 11.
1094 3859 1148 3924 19.
1162 3863 1194 3926 5.
1216 3864 1247 3927 7.
1270 3869 1304 3927 a

203 3959 298 4048 Virg.
314 3960 393 4026 AEn.
408 3977 472 4026 vrr.
487 3961 562 4026 389.
577 3959 699 4044 quibus
712 3958 801 4024 locis
814 3956 941 4024 eaedem
954 3959 1163 4028 librariorum
1174 3963 1303 4031 aberra·

203 4062 310 4130 tiones
324 4063 539 4150 reperiuntur.
