3184 4917
248 431 314 499 174
701 442 902 493 nxounsus

247 590 446 675 terpretandi
467 590 625 655 rationem
639 587 817 673 proponit:
841 583 958 651 ‘Pone
980 585 1136 664 nobilem,
1158 592 1194 651 ut
1218 586 1354 670 Tigelli·

247 713 345 776 num3
367 692 537 778 quodnisi
552 692 667 770 iacias,
689 690 725 756 in
743 710 859 773 rogum
881 708 1005 772 corpus
1025 698 1120 753 tuum
1140 690 1295 769 mittetur,
1316 690 1354 753 in

116 826 121 835 .
248 816 317 879 quo
338 816 402 860 non
426 797 575 879 ja'centia
600 812 755 877 corpora,
778 793 839 857 sed
864 792 909 856 ad
936 793 1098 874 lignorum
1117 793 1353 876 parsimoniam

246 899 372 963 stantia
385 902 572 962 exumntur.
603 894 704 959 Unde
718 900 837 980 putant
852 896 940 960 dici:
962 905 991 957 et
1006 892 1105 957 totam
1121 892 1220 956 medio
1236 892 1352 958 sulcum

246 996 369 1062 deducit
384 1020 501 1074 orrum
525 999 614 1083 qnod
629 1018 750 1083 parcus
765 1004 856 1062 ustor
871 997 994 1062 subditi
1007 997 1087 1079 ligni
1103 998 1219 1080 inopia
1234 998 1353 1062 scrobe

246 1102 309 1165 sub
326 1108 411 1167 terra
430 1103 521 1166 facto
537 1100 709 1178 subcavet,
732 1106 769 1167 ut
789 1101 902 1164 ardere
916 1099 1275 1184 possit.'-Famabius
1290 1094 1362 1161 sul?

247 1224 314 1269 cum
327 1206 519 1288 accipiebat
531 1204 573 1267 de
597 1204 727 1279 scrobe,
751 1202 794 1267 ad
819 1204 912 1267 necis
935 1201 1066 1266 adactae
1082 1203 1136 1266 vel
1158 1208 1350 1285 spontaneae

246 1310 474 1374 necessitatem
502 1304 660 1370 redactis
675 1306 730 1369 vel
759 1306 802 1369 ab
827 1304 903 1369 aliis
926 1305 980 1369 vel
1003 1304 1046 1366 ah
1071 1305 1156 1388 ipsis
1170 1308 1352 1390 praeparari

247 1412 357 1489 solita,
382 1409 463 1474 forte
486 1409 529 1473 ad
555 1407 746 1472 evitandum
770 1426 888 1472 casum
906 1406 1058 1489 ἀσχήμονα
1079 1408 1114 1469 in
1135 1408 1214 1491 ipsa
1227 1414 1351 1490 morte;

246 1532 313 1596 quo
332 1510 495 1575 referebat
518 1508 602 1573 Tac.
619 1504 706 1573 Ann-
723 1526 788 1573 ιιι.
803 1509 859 1574 67.
898 1508 1088 1575 Philostrat·
1113 1510 1171 1574 vit.
1191 1506 1350 1592 Apollon.

245 1630 280 1694 v„
291 1611 324 1677 8.
344 1610 492 1694 Appian.
506 1610 539 1673 b.
555 1607 630 1674 Civ.
647 1626 697 1673 ιν.
713 1614 745 1674 et
759 1608 849 1675 Suet.
860 1608 941 1674 ster.
952 1611 1007 1675 49.
1044 1609 1118 1675 ens.
1134 1615 1242 1675 tamen
1256 1609 1351 1692 Lips.

245 1719 280 1779 et
293 1712 426 1777 Ernesti
441 1713 485 1776 ad
503 1710 587 1777 Tac.
603 1708 691 1775 Anu.
708 1728 732 1775 1.
747 1712 984 1779 (ih—Flavius
997 1712 1032 1775 in
1047 1709 1240 1797 Conjec'tan.
1255 1709 1350 1777 Cent.

246 1834 271 1881 1.
288 1832 399 1881 versus
422 1812 680 1897 transponendos
699 1811 989 1896 emendandosque
999 1813 1139 1895 putabat
1152 1813 1216 1877 hoo
1229 1812 1351 1876 modo:

234 1914 381 2005 sumunt.
422 1912 487 1983 Qui
512 1912 787 1996 dedit-despiciat
813 1934 880 1991 uos,
907 1911 953 1976 Er
981 1911 1081 1978 latram
1105 1912 1207 1977 medio
1230 1912 1351 1978 rutrum

245 2017 378 2083 deducat
392 2036 501 2080 oreon.
547 2015 642 2079 Idem
657 2020 690 2078 et
703 2015 801 2078 nobis
825 2016 1005 2098 aliquando
1033 2018 1070 2081 iu
1092 2021 1233 2081 mentem
1249 2017 1350 2095 veuit,

242 2121 303 2193 sed
325 2138 412 2184 nnnc
438 2120 546 2183 minus
572 2116 796 2183 arridet—Is.
811 2116 960 2182 Vossius
984 2117 1028 2183 ad
1054 2116 1174 2183 Catull.
1189 2138 1223 2202 p.
1238 2138 1283 2182 m.
1296 2120 1351 2185 42.

241 2220 322 2297 [cum
336 2220 500 2286 Ascensio
512 2216 626 2305 jhmot
643 2220 707 2303 legi
722 2220 880 2297 malebat,
905 2222 1040 2304 ejusque
1068 2222 1227 2284 sententia
1248 2219 1351 2285 Juve-

241 2325 332 2399 nalis
358 2322 456 2401 dixit,
481 2324 525 2386 ab
554 2323 689 2386 incensa
709 2322 824 2387 tunica
846 2324 987 2387 molesta
1009 2328 1134 2387 tantam
1159 2321 1349 2403 liquefactae

243 2426 341 2491 taedae
365 2443 426 2489 seu
449 2425 536 2507 picis
559 2418 739 2488 defluxisse
753 2426 898 2507 copiam,
924 2430 962 2489 ut
975 2421 1057 2487 lotor
1070 2422 1172 2488 etiam
1194 2422 1229 2485 in
1248 2421 1350 2486 medio

243 2546 341 2589 arena
356 2520 554 2588 deduceretur
568 2521 679 2603 sulcus,
701 2531 735 2589 et
756 2524 872 2590 ardens
883 2526 981 2609 quasi
998 2526 1192 2589 formaretur
1204 2524 1350 2589 rivus.-

244 2628 381 2713 Lipsius
393 2626 438 2692 ad
454 2624 569 2693 Senec.
586 2626 627 2689 de
650 2625 700 2690 ira
716 2642 773 2689 ιιι.
787 2627 821 2691 3.
834 2633 920 2691 extr.
939 2648 983 2691 ex
1002 2631 1069 2693 vet.
1083 2626 1156 2694 cod.
1176 2626 1350 2708 tegendum

244 2731 409 2807 censebat,
443 2724 483 2792 Et
499 2724 582 2791 Iocus
600 2726 731 2792 nardium
745 2726 847 2792 sulcus
860 2726 978 2793 diducit
993 2750 1132 2807 arenam,
1159 2730 1251 2813 quod
1271 2747 1350 2812 pro·

239 2832 364 2899 barunt
378 2824 527 2913 Scaliger
542 2828 679 2895 Emend.
694 2830 813 2914 Temp.
826 2829 849 2894 1.
863 2850 896 2895 v.
910 2836 944 2895 et
956 2830 1127 2896 Ferrarius
1142 2830 1246 2895 Elect.
1262 2848 1302 2895 ιι.
1317 2832 1349 2895 7.

242 2935 300 3019 qui
315 2952 428 2999 omnes
442 2930 557 2994 redeam
575 2932 764 2997 intellexere
788 2931 830 2996 de
856 2933 950 2997 fossa
967 2932 1002 2997 in
1023 2933 1137 2999 media
1149 2952 1259 3010 arena,
1281 2950 1350 3017 qua

241 3034 314 3103 vivi
328 3033 464 3099 cremati
479 3033 547 3099 sint
559 3033 683 3097 defossi
698 3040 732 3098 et
745 3033 789 3099 ad
802 3036 918 3117 palum
932 3034 1153 3099 defixi—Vir
1171 3035 1291 3099 doctus
1313 3034 1350 3098 in

241 3134 387 3205 Miscell.
403 3133 505 3199 Obss.
520 3134 590 3198 crit.
605 3134 683 3199 Vol.
702 3152 736 3197 v.
751 3134 793 3199 Τ.
811 3151 851 3196 ιι.
865 3156 902 3216 p.
913 3134 991 3198 268.
1008 3134 1212 3214 corrigebat:
1238 3131 1283 3196 Et
1299 3134 1349 3198 io·

243 3246 309 3300 tum
324 3233 425 3297 medio
444 3232 561 3297 sulcum
580 3232 718 3319 signabis
734 3234 928 3299 areum—Iu
952 3234 1031 3299 edit.
1045 3233 1224 3307 Variorum
1237 3233 1348 3301 Amst.

242 3335 339 3403 1684.
361 3337 434 3401 haec
460 3336 622 3419 reperitur
645 3342 743 3401 nota:
781 3335 820 3399 Si
843 3356 902 3420 per
926 3336 1131 3420 parenthesin
1159 3336 1348 3401 inserantur
1450 3358 1455 3364 ·

241 3440 357 3516 verba,
382 3436 453 3505 Quo
470 3434 766 3520 stanter—fumum,
790 3457 905 3501 sensus
919 3438 982 3502 erit
1000 3438 1191 3516 concinnus,
1217 3435 1348 3505 erceht'r

242 3537 275 3603 ιἰι
291 3536 349 3603 itta
366 3537 458 3617 tudo,
482 3536 623 3603 etmedio
638 3558 745 3615 oreon,
769 3558 830 3622 per
845 3557 948 3622 quam
961 3546 999 3603 tu
1017 3540 1120 3605 curris
1135 3542 1215 3622 palo
1228 3542 1348 3625 alliga·

239 3630 307 3721 tus,
327 3642 390 3720 vel,
414 3660 587 3725 perquam
607 3648 838 3724 corpustuum
852 3642 987 3707 trahitur
1002 3642 1273 3721 comburendum,
1294 3642 1348 3709 de·

242 3740 325 3805 ducit
341 3762 401 3807 sen
415 3740 552 3819 deducet,
577 3741 696 3827 (immo
712 3740 866 3806 deducet
856 3764 881 3807 ι
895 3764 926 3808 c.
940 3744 1132 3827 patefaciet,
1152 3746 1348 3811 monstrabit

242 3841 343 3909 lotum
356 3840 494 3907 rutrum.-
516 3864 577 3909 neo
591 3847 714 3924 obstat,
730 3847 821 3929 quod
835 3846 954 3910 ultima
967 3846 1042 3929 syll
1053 3866 1127 3911 voc.
1139 3844 1240 3908 medio
1255 3864 1345 3913 nom.

242 3964 310 4011 cas.
325 3946 370 4010 sit
383 3946 512 4027 brevis;
542 3966 618 4011 nam
642 3967 702 4030 per
716 3948 985 4032 penthemimerin
999 3949 1110 4013 brevrs
1122 3954 1175 4013 ost
1187 3948 1347 4032 producta

185 4096 188 4103 .
240 4024 385 4111 licenter·
429 4047 471 4115 Id
485 4048 642 4131 exemplo
660 4048 750 4131 Virg.
766 4046 844 4112 AEn.
861 4066 918 4111 ιιι.
931 4048 1010 4113 464.
1034 4048 1176 4113 firmavit
1199 4048 1346 4116 Beekius

237 4145 277 4233 ,in
290 4145 391 4213 Obss.
407 4148 521 4231 philol.
544 4150 579 4211 in
600 4149 672 4213 Sat.
693 4149 716 4215 J
718 4168 815 4213 uven.
830 4148 915 4214 duas
929 4151 1057 4232 priores
1070 4147 1220 4235 (Altorfri
1234 4150 1346 4229 1732.)

238 4270 276 4339 p·
289 4250 324 4316 9.
338 4250 398 4317 ubi
412 4250 497 4355 huuc
518 4251 725 4321 existimavit
747 4252 922 4321 verborum
946 4251 1095 4321 ordinem
1113 4269 1190 4319 esse
1205 4270 1247 4319 ac
1268 4272 1344 4324 seu·
