3184 4917
558 458 803 509 conticerem(
826 460 968 512 FORTIS.
1271 448 1315 515 ffl

198 648 203 659 ·
253 599 321 668 Sed
329 602 403 687 jen
413 604 665 686 progrediamur
674 607 716 670 ad
728 612 900 671 recensum
908 628 1032 690 eorum,
1047 610 1106 693 qui
1117 610 1312 677 Lucidius

209 708 245 769 ot
258 704 380 769 Same
404 706 511 769 abeo
535 706 676 771 iuventas
692 726 796 790 genus
818 709 938 773 imitati
952 715 1039 775 sunt.
1085 712 1178 776 Huic
1193 711 1314 779 setim

211 804 352 889 primum
366 825 485 871 novam
498 806 594 891 plane
617 808 787 891 multoque
802 811 971 875 meliorem
989 812 1098 894 induit
1114 814 1314 881 formamin-

212 908 343 989 geuium
359 908 543 985 Horanrrr,
566 910 625 992 qui
639 910 790 974 maculas
821 917 855 976 et
877 913 982 992 labes,
1004 922 1073 979 tum
1095 918 1221 981 incuria
1234 938 1316 983 auc·

201 1009 306 1086 toris,
321 1014 390 1073 tnui
405 1011 523 1075 secculi
539 1012 634 1095 gonio
648 1012 681 1074 ei
699 1030 868 1095 aspersas,
891 1014 989 1095 eluit3
1012 1019 1184 1083 verborum
1198 1025 1315 1085 contu·

200 1110 318 1175 meliis
340 1116 373 1175 et
396 1114 585 1195 petulantiae
604 1112 703 1197 jocos
733 1122 766 1181 et
790 1116 891 1195 sales,
915 1118 1119 1202 orationique
1143 1120 1265 1185 subitae
1279 1127 1313 1185 et

211 1211 399 1291 incuriosae,
421 1213 562 1281 horridae
577 1221 610 1280 et
624 1217 766 1295 scabrae,
789 1218 961 1283 ubscoenae
976 1226 1011 1283 et
1025 1222 1171 1304 procaci,
1194 1228 1315 1285 tersam

211 1319 246 1377 et
259 1314 420 1391 limatam,
443 1336 560 1399 puram
573 1323 607 1382 ct
621 1319 828 1401 aequabiliter
838 1320 1003 1399 liuentem,
1018 1321 1160 1387 facetam
1173 1329 1207 1386 et
1219 1325 1316 1387 urba·

211 1436 288 1481 nam
306 1418 496 1497 substituit3
521 1425 553 1484 et
575 1439 684 1504 neque
698 1420 822 1487 Graeca
842 1423 1020 1487 immiscuit
1040 1424 1179 1503 Latinis,
1207 1444 1315 1508 neque

201 1518 316 1593 ,alium
332 1538 430 1602 quam
445 1522 613 1585 heroicum
638 1538 768 1585 versum
782 1522 942 1588 adhibuit.
986 1524 1086 1588 Illum
1114 1527 1179 1590 sibi
1202 1546 1316 1591 exem·

212 1620 288 1703 plur
301 1640 501 1703 proposuero
514 1622 714 1706 posteriores
728 1620 839 1705 pc'e'tae
853 1625 991 1701 satirici,
1006 1627 1108 1691 etiam
1121 1629 1257 1692 secundi
1273 1629 1317 1693 ab

204 1740 265 1799 eo,
289 1721 456 1787 Pnasrus
485 1728 518 1788 et
539 1723 563 1787 J
568 1740 776 1789 uvnsntrs:
807 1726 1005 1809 utquisque
1028 1746 1142 1791 eorum
1160 1729 1318 1809 singulari

213 1842 328 1906 genere
343 1824 475 1889 dicendi
489 1844 572 1890 usus
587 1832 649 1903 est,
672 1832 705 1891 et
727 1826 860 1892 diversa
875 1827 1014 1906 ratione,
1037 1848 1099 1911 pro
1112 1830 1318 1910 ingeniorum

213 1932 462 2010 temporumque
476 1926 677 2006 diversitate,
701 1934 894 2012 argumenta
906 1934 1069 1997 bacterii.
1109 1928 1212 2007 Quod
1226 1931 1319 1995 intel-

211 2026 333 2109 ligetur
343 2048 388 2091 ex
403 2030 556 2111 proxima
569 2032 856 2110 commentatione,
878 2032 914 2096 in
929 2032 1051 2114 quade
1069 2029 1219 2105 Horatio,
1237 2030 1318 2097 Per-

213 2128 271 2207 sio,
286 2148 326 2193 ac
343 2126 497 2193 Juvenulc
513 2150 662 2195 seorsum
677 2132 888 2213 disseremus,
901 2140 934 2197 et
947 2134 1010 2197 bos
1024 2133 1143 2217 poetas
1152 2135 1317 2212 satiricos,

214 2248 355 2314 quorum
369 2250 472 2315 opera
485 2232 638 2296 manibus
652 2232 761 2297 adhuc
775 2234 897 2297 nostris
911 2237 1067 2312 terunbrr,
1082 2234 1166 2298 inter
1180 2252 1216 2297 sc
1227 2251 1318 2299 com·

214 2332 418 2416 parabimus.
463 2332 563 2397 Nunc
577 2333 720 2399 sufficiat
731 2334 874 2398 breviter
886 2335 1092 2399 recensuisse
1107 2338 1233 2401 ceteros
1250 2330 1318 2398 Lu-

214 2432 281 2497 cilii
294 2434 488 2514 imitatores,
510 2454 650 2518 quorum
664 2434 785 2501 Satires
800 2441 925 2501 tuntum
938 2455 1006 2501 nou
1016 2456 1130 2501 ornnes
1144 2437 1317 2502 intercide·-

201 2544 308 2603 .runt:
339 2537 430 2621 qnod
459 2556 528 2621 quo
556 2538 667 2601 minus
693 2538 829 2621 grurirm
852 2537 1050 2615 doleremus,
1086 2557 1127 2603 eo
1151 2539 1318 2622 prohibuit

214 2638 358 2717 torona,
382 2637 471 2721 quod
489 2638 676 2703 triumviros
691 2638 768 2703 illos
781 2639 879 2703 nobis
893 2641 1050 2705 servavit.

257 2737 346 2803 Ante
363 2736 548 2819 Horatium,
570 2741 628 2824 qui
644 2759 675 2805 a.
691 2739 735 2804 U.
751 2760 782 2805 c.
798 2742 874 2807 689.
890 2742 1041 2825 adeoque
1056 2758 1110 2805 xr.
1132 2741 1202 2806 fere
1223 2742 1318 2805 annis

216 2848 296 2929 post
309 2840 430 2908 Lucilii
444 2847 581 2909 mortem
594 2850 692 2909 natus
707 2850 769 2923 est,
791 2864 857 2908 non
870 2844 1026 2920 defuisse,
1053 2843 1111 2926 qni
1131 2842 1231 2926 hujus
1244 2842 1319 2925 qui·

217 2944 294 3009 dem
315 2946 481 3031 exemplo,
504 2944 564 3009 sed
588 2963 703 3027 parum
731 2963 894 3030 prospero
920 2950 1061 3009 conatus
1076 2962 1245 3021 successu,
1274 2944 1319 3008 ad

217 3046 347 3111 Satiras
361 3045 556 3111 scribendas
569 3046 715 3110 animum
729 3046 944 3130 appellerent,
966 3047 1021 3111 illc
1038 3066 1102 3110 nos
1126 3044 1202 3129 ipse
1221 3045 1320 3111 docet

207 3149 290 3227 Sat.
307 3166 333 3213 r.
349 3149 403 3213 10.
417 3148 472 3213 46.
488 3166 560 3231 seq.
604 3151 615 3181 ‘
630 3148 710 3213 Hoc
725 3149 911 3232 [satiricum
926 3147 1061 3233 poiima]
1081 3152 1164 3227 erat,
1179 3140 1319 3231 experto

215 3251 338 3317 frustra
346 3249 496 3316 Varrone
504 3248 649 3315 Atacino
657 3247 769 3335 Atque
783 3252 985 3335 quibusdem
999 3252 1086 3329 aliis,
1101 3249 1219 3314 melius
1229 3249 1321 3332 quod

218 3353 361 3419 scribere
370 3371 516 3436 possem,
539 3351 715 3417 Inventore
726 3352 854 3417 minor?
888 3352 958 3419 Hic
972 3359 1024 3417 est
1039 3352 1081 3417 P.
1095 3350 1319 3415 Tnanurrus

219 3454 370 3533 Vasco,
392 3460 490 3519 natus
505 3455 635 3519 circiter
649 3474 681 3519 a.
698 3454 742 3520 U.
759 3474 790 3519 c.
804 3455 881 3521 670.
895 3460 929 3520 et
942 3474 964 3519 a
976 3456 1085 3537 patria
1097 3452 1218 3529 Atace,
1237 3449 1321 3514 Gal·

217 3558 274 3623 liae
302 3555 531 3623 Narbonensis
554 3556 644 3635 vico,
674 3554 723 3641 (v.
753 3554 894 3619 Hieron.
923 3556 957 3617 in
979 3553 1099 3617 chron.
1129 3550 1255 3615 Euseb.
1276 3548 1321 3612 ad

220 3659 355 3743 Olymp.
371 3659 447 3723 174.
463 3677 493 3722 u.
508 3657 556 3737 2.)
567 3658 620 3722 rel
634 3658 678 3747 ab
692 3655 812 3734 Atace,
824 3653 1034 3719 Narbonensi
1047 3652 1160 3728 fluvio,
1174 3648 1225 3736 (v.
1240 3646 1322 3714 Por·

219 3765 314 3849 pbyr.
329 3761 373 3826 ad
388 3760 507 3825 Horat.
521 3760 543 3824 l.
557 3756 599 3844 l.)
613 3758 722 3824 dictus
735 3756 948 3822 Aricinus
991 3753 1028 3818 Is
1051 3759 1172 3837 proeter
1191 3753 1322 3818 Satires
1401 3757 1405 3765 '

207 3864 355 3947 ¹scripsit
365 3861 589 3945 Argonautica
600 3860 787 3943 bellumque
796 3856 1029 3941 Sequanicum,
1037 3860 1071 3919 et
1074 3852 1203 3937 judicio
1214 3852 1321 3932 Quiu-

218 3966 266 4035 bl.
283 3983 323 4031 X.
339 3966 372 4029 l.
387 3985 416 4029 s.
431 3964 486 4029 87.
509 3968 520 3997 ‘
535 3962 638 4039 iniis,
661 3980 719 4045 per
734 3980 811 4043 quae
823 3976 943 4022 nomen
961 3961 1011 4021 est
1025 3960 1213 4033 assecrrtus,
1225 3958 1322 4037 interf

207 4086 296 4151 pres
320 4067 384 4131 snit
405 4066 517 4151 operis
540 4064 651 4142 alieni,
674 4082 739 4127 non
753 4059 956 4146 spernendus
976 4057 1122 4142 quidem,
1146 4076 1262 4123 verum
1277 4058 1322 4123 ad

209 4169 402 4251 ‚sugendam
415 4168 607 4245 fucultatem
621 4165 754 4231 dicendi
766 4182 884 4250 parim
896 4158 1068 4246 locuples!
1100 4157 1225 4225 Praeter
1233 4159 1322 4225 hunc

214 4270 384 4353 quosdam
398 4270 484 4339 ulios
498 4271 666 4339 satiricum
691 4266 823 4335 dicendi
846 4284 949 4353 genus
970 4263 1090 4331 frustra
1103 4267 1180 4333 ante
1203 4281 1241 4331 so
1261 4280 1322 4327 ex·
