3184 4917
286 414 331 479 20
733 411 940 483 rrnrrrr'c.

287 580 396 641 autem
411 594 517 641 rerum
530 576 658 643 notitiae
673 577 727 642 vel
742 578 854 644 cmdoe
868 578 923 643 vel
936 578 1069 643 inutiles
1081 579 1135 643 vel
1151 580 1265 645 noxiae
1276 580 1386 644 letius

285 674 494 761 sparguntur,
508 696 588 762 qua,
601 681 659 763 qni
674 680 869 764 disciplinas
883 681 1024 759 tradunt,
1043 681 1086 745 ab
1100 683 1189 746 omni
1204 682 1386 746 subtilitate

284 778 487 859 desciscunt,
513 787 557 859 et,
583 782 641 866 qui
666 782 709 847 iis
733 783 947 848 addiscendis
967 802 1101 867 operam
1114 783 1311 849 darevideri
1326 802 1385 847 rou

284 879 367 959 lunt,
393 883 637 965 angustioribus
663 884 842 967 quotannis
868 886 1016 948 terminis
1041 884 1153 949 studia
1178 886 1386 948 circumscri-

283 982 375 1059 bunt,
402 990 434 1048 et
449 986 618 1049 utilitatem
632 988 927 1071 praestantiamque
941 988 1049 1049 omnis
1062 986 1222 1050 doetrinae
1236 986 1384 1050 liberalis

284 1084 380 1149 unice
394 1092 525 1168 quaestu
540 1092 573 1151 et
585 1089 688 1166 luero,
704 1088 795 1171 qnod
809 1106 852 1151 ex
863 1106 904 1151 ea
915 1106 1017 1171 quam
1028 1088 1172 1170 primum
1183 1086 1292 1151 tacere
1304 1106 1383 1169 pos·

284 1185 361 1263 sint,
380 1188 570 1265 metiuntur,
595 1204 726 1272 quaque
746 1188 780 1251 in
799 1188 911 1251 locum
924 1193 1092 1253 accuratae
1116 1194 1149 1253 et
1170 1188 1289 1253 solidae
1312 1208 1384 1252 eru·

283 1286 430 1364 ditionis,
443 1289 487 1353 ad
502 1304 602 1372 quam
614 1292 756 1375 majores
768 1291 872 1355 nostri
887 1292 1090 1374 aspirabant,
1105 1292 1380 1374 popularisque

284 1387 416 1466 dieitur,
441 1391 577 1455 scientia
603 1391 654 1456 vel
671 1392 787 1476 jejuna
801 1396 835 1454 et
848 1392 1006 1474 insipiens
1021 1392 1187 1474 snpientia
1207 1391 1384 1455 succedere

284 1491 400 1574 coepit,
416 1496 448 1555 et
461 1492 593 1575 ingenia
605 1492 690 1556 lusu
703 1498 862 1556 enervata
876 1495 948 1556 sive
963 1494 1042 1569 otio,
1057 1494 1165 1575 nugis,
1182 1494 1281 1556 rebus
1296 1493 1382 1556 ludi·

282 1590 347 1655 eris
362 1591 557 1677 deliciisque
570 1598 763 1677 pascuntur,
790 1594 863 1657 sive
887 1594 931 1657 ab
955 1595 1009 1670 iis,
1037 1614 1114 1675 quae
1130 1596 1288 1675 cognosci
1303 1613 1382 1677 pos-

281 1699 358 1757 sunt
385 1713 426 1758 ao
450 1694 582 1774 debent,
607 1694 651 1759 nd
670 1712 776 1758 remrn
797 1698 948 1776 portenta
962 1713 1003 1757 ac
1016 1701 1163 1758 monstra
1177 1694 1228 1758 vel
1242 1695 1384 1777 puerilia

281 1795 530 1875 oblectamenta,
545 1816 620 1880 quae
636 1796 771 1876 intelligi
786 1813 846 1858 nec
860 1795 939 1858 licet
952 1815 1014 1859 nec
1027 1794 1172 1878 prodest,
1184 1794 1381 1876 deflectunt3

280 1894 356 1973 hac,
371 1896 519 1979 inquam,
534 1902 630 1960 aetate
644 1897 831 1960 sexcenties
840 1895 922 1959 milri
934 1914 996 1960 usu
1007 1896 1107 1972 venit,
1118 1900 1155 1960 nt
1164 1912 1230 1959 non
1239 1896 1380 1979 juvenes

280 2000 415 2074 tantum,
441 1996 500 2061 sed
523 1998 618 2080 ipsos
640 1998 739 2061 etiam
760 2016 874 2061 eorum
893 1999 1077 2080 magistros,
1102 1997 1227 2081 quique
1240 1997 1332 2063 docti
1348 2002 1383 2062 et

279 2096 343 2162 sibi
358 2098 542 2163 viderentur
554 2098 703 2162 homines
717 2102 750 2163 et
763 2098 807 2161 ab
820 2098 895 2162 aliis
908 2098 1116 2176 haberentur,
1136 2100 1174 2161 in
1185 2100 1229 2163 iis
1243 2098 1380 2178 haerere,

279 2216 384 2283 eaque
404 2200 460 2263 vel
480 2200 639 2283 ignorare,
665 2198 718 2262 vel
733 2218 800 2265 non
814 2199 896 2263 satis
914 2199 1092 2284 perspicue
1103 2204 1138 2265 et
1151 2205 1306 2263 accurate
1320 2219 1380 2264 ex-

278 2298 404 2383 plicare
429 2300 586 2379 viderem,
612 2317 689 2386 qnae
713 2306 825 2365 temen
847 2300 966 2365 facilia
989 2301 1097 2383 iisqne
1118 2300 1292 2364 notissima
1316 2320 1378 2383 pu·

277 2406 396 2467 taram.
440 2401 561 2484 Itaque
586 2401 667 2486 qnid
691 2400 741 2465 illi
764 2404 887 2466 scirent
907 2407 942 2467 et
965 2402 1190 2484 intelligerent,
1212 2420 1277 2465 non
1300 2402 1380 2485 quid

278 2502 366 2567 scire
380 2506 415 2567 et
428 2504 605 2587 intelligere
619 2502 783 2580 deberent,
800 2504 1043 2587 respiciendum
1057 2503 1151 2579 duxi,
1170 2522 1294 2567 mernor
1308 2524 1382 2568 ver·

276 2604 394 2669 borum
420 2604 561 2672 Christi:
585 2607 616 2668 ου’
639 2604 743 2693 χρείαν
770 2604 888 2690 ἔχουσιν
911 2611 935 2667 ol
963 2602 1108 2689 ἰσχύοντες
1134 2608 1240 2689 ἰατροῦ,
1264 2606 1331 2667 ἀλλ’
1355 2611 1380 2668 nl

278 2713 373 2779 κακῶς
387 2704 509 2794 ignarae.
553 2708 718 2773 Praeterea
732 2710 917 2792 permultis,
932 2708 1032 2771 etiam
1047 2706 1131 2771 satis
1145 2706 1262 2784 doctis,
1289 2707 1380 2771 acci·

277 2809 353 2875 dere
378 2811 473 2889 solet,
499 2808 535 2875 id
557 2810 646 2894 quod
660 2810 725 2875 sibi
739 2809 903 2874 accidisse
918 2826 1144 2893 saepenumero
1159 2807 1377 2873 Gasanbonns

277 2916 311 2977 et
326 2910 453 2977 Ernesti
466 2915 664 2990 fatebantur,
687 2918 733 2990 ut,
758 2912 837 2977 dum
860 2912 927 2996 ipsi
951 2914 1065 2995 legunt
1087 2912 1152 2975 sibi
1174 2912 1277 2975 verba
1298 2929 1378 2974 nnc»

276 3014 368 3091 toris,
392 3015 553 3083 facillima
574 3016 640 3080 sibi
663 3014 846 3092 videantur,
871 3036 946 3098 quae
972 3014 1120 3079 difficilia
1145 3013 1320 3095 explicatu
1344 3017 1379 3076 et

236 3134 241 3152 Χ
276 3115 419 3179 obseura
443 3136 515 3181 esse
538 3116 722 3196 intelligant
744 3120 813 3178 turn
831 3115 975 3191 demum,
1002 3133 1077 3177 cunr
1092 3114 1168 3177 aliis
1182 3132 1294 3176 eomrn
1308 3113 1378 3176 vim

276 3234 317 3279 ac
332 3232 463 3281 sensum
478 3217 631 3281 distinete
643 3214 819 3297 planisque
830 3216 938 3277 verbis
946 3213 1178 3294 interpretandi
1189 3212 1375 3295 perieulum

275 3314 411 3381 iaciant.
457 3316 536 3381 Huc
561 3315 702 3391 accedit,
730 3312 782 3398 (ut
796 3315 900 3377 verba
915 3313 968 3376 lu.
988 3312 1115 3395 Hcynii
1129 3314 1164 3376 in
1180 3312 1315 3377 Praelat.
1331 3312 1376 3376 ad

275 3415 394 3501 Virgil.
422 3418 464 3481 T.
494 3434 518 3481 r.
548 3434 588 3480 rr.
617 3420 651 3477 et
681 3432 737 3478 ru.
772 3433 849 3478 mea
876 3411 1017 3495 inciam)
1045 3412 1137 3497 qnod
1162 3414 1268 3477 multa
1295 3414 1377 3478 milri

275 3518 438 3583 monenda
460 3517 562 3593 suere,
586 3536 661 3581 curn
675 3517 887 3599 interpretum
903 3515 1049 3597 aliquem
1061 3520 1096 3579 et
1108 3516 1214 3578 virum
1229 3511 1374 3594 doctum,

276 3622 428 3704 quamvis
443 3640 464 3683 a
478 3636 530 3682 me
543 3638 607 3682 ncn
620 3619 836 3694 nominatum,
860 3619 893 3680 in
914 3616 980 3679 hoe
1001 3617 1054 3682 vel
1067 3617 1125 3680 illo
1139 3617 1215 3681 loco
1229 3622 1263 3681 et
1273 3619 1376 3682 verbo

276 3721 412 3785 haesisse
435 3727 493 3785 ant
514 3719 645 3803 lapsum
670 3740 745 3784 esse
767 3719 932 3799 viderem3
955 3738 1033 3803 quae
1049 3725 1159 3784 tamen
1177 3720 1290 3783 monui
1309 3720 1377 3783 lere

275 3822 376 3886 verbo
399 3826 535 3899 tantum,
559 3822 752 3905 plerumque
767 3822 859 3885 nulla
873 3822 941 3885 alia
953 3837 999 3898 re,
1014 3840 1115 3905 quam
1126 3840 1207 3885 vera
1218 3823 1376 3903 interpre-

276 3922 396 3989 tatione
411 3922 575 4007 subjecta,
603 3930 639 3987 ut
659 3923 863 4001 adolescens,
887 3924 945 4007 qui
960 3924 995 3987 in
1009 3924 1147 3987 similem
1161 3940 1300 3986 errorem
1317 3927 1376 3985 aut

276 4022 498 4087 difficultatem
524 4024 638 4088 autin
662 4023 802 4087 eundern
826 4025 1034 4107 interpretem
1063 4022 1231 4099 incideret,
1261 4022 1374 4085 statim

275 4123 419 4200 haberet,
436 4143 503 4207 quo
518 4144 593 4189 eum
605 4124 832 4206 redargueret:
856 4130 926 4188 tum
941 4123 1082 4190 formula
1094 4121 1250 4206 loquendi
1263 4126 1373 4203 per'se

276 4222 359 4288 forte
382 4233 452 4291 erat
474 4226 556 4291 satis
578 4232 667 4305 nota,
692 4244 767 4290 oum
796 4226 1024 4291 omnnlassent
1045 4224 1103 4287 alii
1125 4222 1289 4305 exempla,
1315 4221 1375 4287 sed
