3184 4917
621 442 875 497 romanorun.
1060 445 1063 451 ·
1243 434 1288 498 75

185 596 222 657 at
235 588 300 657 mi
313 589 473 655 meminit.
516 586 586 655 Alii
600 590 725 655 dictam
737 597 856 675 putant
870 592 976 674 alege
988 598 1112 672 satura,
1128 612 1206 678 quae
1220 612 1287 658 uno

185 699 304 775 rogatu
324 692 430 757 multa
443 692 542 757 simul
555 692 822 777 comprehendat,
836 702 875 759 nt
894 695 1022 761 scilicet
1042 702 1075 759 et
1093 694 1203 760 Satira
1216 680 1288 759 car·

185 794 279 859 mina
292 794 399 861 mura
413 794 556 859 simulet
570 794 726 878 poemata
739 784 1073 879 comprehenduntur:
1096 781 1193 883 cujus
1205 796 1288 879 legis

187 894 342 963 Lucilius
363 896 510 961 meminit
531 898 565 961 in
585 898 712 981 primo:
740 895 807 963 Per
829 900 974 962 Suteuum
999 896 1136 963 AEdr'lem
1151 899 1288 985 fuctum,

185 997 242 1083 qui
257 996 370 1085 legiha'
385 996 508 1065 soluat!
546 998 667 1064 Isidor.
677 998 770 1083 Orig.
787 1016 821 1061 v.
837 1000 872 1065 6.
902 999 1044 1063 ‘Sutura
1063 1018 1143 1064 vero
1156 1000 1211 1064 lex
1224 1006 1288 1078 ost,

185 1118 264 1183 qnae
278 1100 320 1163 do
333 1100 485 1185 pluribus
505 1103 605 1166 rebus
628 1101 726 1166 simul
739 1102 898 1187 loquitur,
913 1102 1003 1169 dicta
1024 1121 1046 1166 a
1066 1102 1164 1185 copia
1181 1120 1290 1167 rerum

186 1208 221 1264 et
235 1204 331 1284 quasi
355 1221 376 1266 a
398 1202 551 1281 sotietate,
566 1204 652 1269 nndo
673 1210 707 1268 et
728 1204 872 1269 Satiram
894 1206 1037 1269 scribere
1058 1211 1110 1269 cst
1131 1201 1290 1287 poemata

187 1304 283 1367 varia
293 1304 445 1381 condere,
456 1312 494 1369 ut
503 1306 649 1383 Horatii,
660 1305 683 1370 J
686 1308 845 1386 uvenalis,
857 1313 890 1372 et
901 1304 1031 1371 Porcii?
1060 1304 1157 1371 Conf.
1170 1302 1290 1369 Festus

185 1408 222 1471 in
252 1424 328 1471 voc.
354 1404 482 1485 Sutura,
505 1413 538 1473 at
557 1408 670 1474 Acron
694 1410 749 1475 vel
772 1408 937 1496 Porphyr.
960 1408 1004 1475 ad
1025 1406 1147 1475 Horat.
1170 1406 1242 1471 Sat.
1263 1420 1289 1470 1.

186 1508 282 1591 1.pr.

231 1608 313 1675 Meo
328 1612 563 1695 qualicumque
581 1611 713 1697 judicio
728 1612 835 1678 omnis
849 1612 984 1696 quidam
1005 1630 1068 1688 res,
1089 1612 1189 1675 toties
1211 1615 1246 1675 ot
1268 1629 1289 1674 a

181 1718 257 1777 tam
272 1712 384 1776 multis
399 1712 432 1775 in
448 1714 664 1794 quaestionem
681 1722 813 1791 vocata,
832 1732 897 1777 non
911 1701 1021 1795 magni
1035 1710 1120 1777 adeo
1133 1699 1290 1775 momenti

186 1818 249 1890 est,
266 1819 299 1876 et
317 1812 593 1896 quemadmodum
615 1812 845 1893 casaubonus,
867 1815 990 1898 quique
1003 1811 1078 1897 ojus
1097 1813 1291 1877 seutentiam

186 1913 334 1997 amplexi
360 1919 446 1992 sunt,
469 1917 677 2000 etymologiar
701 1918 796 1981 vocis
812 1912 927 1980 Sutura
949 1916 1004 1979 vel
1018 1914 1137 1993 Sotira,
1157 1916 1207 1979 ita
1219 1912 1288 1979 Jul.

187 2014 349 2097 Scaliger,
379 2016 467 2081 Dan.
492 2016 654 2081 Heinsius
675 2018 798 2109 aliique
820 2016 1024 2082 similitudini
1049 2016 1291 2082 vocabulorum

188 2116 329 2201 satyrice
351 2119 404 2182 vel
429 2118 537 2205 Satyri
557 2126 590 2184 ot
616 2116 722 2183 Satira
746 2121 884 2185 nimium
905 2120 1061 2185 tribuisse
1079 2119 1187 2185 videri
1211 2137 1290 2201 pos·

186 2223 283 2283 sunt:
313 2224 347 2283 at
368 2222 472 2285 multo
500 2222 705 2304 probabilius
730 2228 791 2297 est,
817 2222 882 2286 hoc
905 2220 1086 2285 carminum
1107 2237 1221 2302 genua
1250 2216 1292 2280 de

187 2338 257 2403 quo
278 2322 446 2403 quaeritur,
469 2326 501 2385 et
521 2322 599 2387 hinc
621 2342 753 2406 quoqne
776 2342 896 2387 nomen
915 2321 999 2406 ejus,
1024 2320 1188 2386 Romanis
1214 2336 1291 2402 pro·
1368 2406 1378 2425 .
1408 2404 1411 2410 Ι

186 2422 295 2503 prium
323 2422 437 2499 inissa,
462 2443 561 2508 quam
588 2444 609 2487 a
631 2422 762 2489 Graecis
788 2422 984 2508 profectum.
1029 2422 1121 2487 Nam
1148 2421 1292 2506 primum

187 2542 316 2588 omnem
330 2524 645 2589 ferednbitationom
660 2526 809 2590 eximunt
822 2525 1010 2589 testimonia
1021 2522 1157 2587 Horatii
1167 2521 1258 2607 (Sat.
1267 2538 1291 2584 ι.

190 2624 243 2688 10.
264 2624 318 2689 66.
335 2627 392 2689 ubi
408 2626 534 2691 Ennius
562 2626 677 2691 ‘rudis
699 2633 732 2691 et
749 2624 868 2689 Graecis
881 2624 993 2687 intorti
1004 2622 1150 2686 carminis
1164 2620 1305 2684 auctor’.

187 2723 328 2811 dicitur)
338 2733 369 2791 et
380 2726 586 2807 Quintiliani,
601 2726 699 2813 (lust.
714 2726 773 2791 Or.
784 2745 823 2791 x.
836 2728 868 2791 1.
879 2727 935 2791 93.
958 2729 969 2757 ‘
984 2720 1091 2787 Sotira
1108 2733 1174 2786 totu
1186 2730 1293 2783 nostro

188 2836 243 2903 est,
267 2829 386 2911 inqua
408 2830 534 2912 primus
558 2830 719 2909 insignem
738 2829 870 2893 laudem
886 2825 1027 2909 adeptus
1043 2831 1095 2888 ast
1115 2817 1293 2901 Lucilius’)

190 2948 268 3012 quae
290 2928 441 3012 profecto
459 2930 555 3011 longo
571 2930 720 3012 digniora
734 2928 899 3002 conlido,
915 2946 1017 3009 quam
1031 2926 1165 2989 incertae
1179 2938 1292 2987 recon-

187 3031 308 3095 tr'ornm
334 3028 531 3096 criticorum
556 3030 795 3115 conjecturae.³⁷
834 3027 965 3092 Deinde
987 3027 1056 3104 illa,
1071 3045 1170 3108 quam
1192 3040 1293 3108 snpra

690 3203 798 3255 NOTAE

218 3308 251 3353 tl
268 3302 397 3353 Wialandi
407 3310 469 3353 notu
482 3308 512 3353 lt
523 3302 555 3351 ad
566 3302 659 3352 Horat.
672 3302 688 3349 l.
701 3302 718 3350 l.
760 3300 838 3350 wire.
851 3300 1041 3351 Jenokonnten
1051 3299 1187 3349 mitvoller
1195 3300 1295 3351 Kerint-

188 3385 228 3428 εει
244 3380 314 3428 hac:
337 3380 530 3429 ‘Vermuthliclr
546 3380 580 3428 ist
598 3379 654 3427 hier
672 3378 720 3427 dar
760 3377 814 3425 nisa
833 3376 881 3425 der
899 3376 982 3424 Socha
1004 3377 1145 3439 sprechen3
1168 3375 1237 3425 dena
1256 3378 1293 3425 ric

186 3455 238 3503 alte
260 3454 371 3504 Dichter
389 3454 487 3503 Ennius
509 3454 628 3517 gemeint.
662 3454 719 3502 Wle
759 3450 1294 3513 hattennochalleProductedergrlechi·

188 3530 317 3593 intigens,
328 3530 451 3580 nnehdem
462 3530 610 3593 Horaz,der
618 3530 664 3580 mit
673 3530 720 3578 der
759 3529 838 3578 achon
851 3528 982 3577 litentur
995 3542 1044 3575 vor
1061 3526 1124 3575 sich.
1158 3526 1293 3587 Wirspra·

188 3604 366 3667 griechischen
383 3606 516 3655 Literatur
529 3608 589 3655 sehr
605 3606 720 3657 bekannt
759 3604 825 3653 cheu
842 3618 900 3651 vom
918 3604 1037 3662 lingitur
1054 3599 1100 3647 des
1115 3599 1224 3659 Homer,
1242 3614 1293 3648 von

188 3694 251 3741 war,
269 3679 312 3729 die
330 3680 423 3744 Satyra
441 3696 470 3731 ιο
491 3682 669 3732 artsdrtlrlrllch
689 3698 719 3731 an
759 3678 810 3727 den
837 3682 1015 3740 iogeuanntrn
1037 3672 1180 3722 sibenden
1205 3674 1293 3722 Xeno·

189 3756 261 3805 einer
288 3755 431 3806 riimischen
457 3755 600 3821 Ertindnng
625 3758 720 3818 macht,
760 3751 1028 3818 phaneaund'limou,
1042 3750 1081 3797 die
1095 3748 1216 3797 οἰκηίου
1229 3752 1295 3800 mehr

188 3832 328 3882 undhierin
336 3847 385 3882 von
393 3833 476 3881 ciuem
484 3832 720 3896 heydarSprachen
760 3829 844 3889 luben,
854 3825 906 3876 aud
925 3826 979 3874 also
995 3824 1044 3872 nit
1060 3824 1110 3872 den
1120 3824 1231 3887 Satyoen
1247 3827 1295 3876 der

188 3922 217 3957 ιο
228 3908 361 3971 kundigcn
369 3907 562 3967 Kuustrichter,
571 3908 608 3959 als
618 3908 721 3960 Quinti·
762 3904 860 3955 Rdurar
869 3903 942 3952 nicht
952 3898 1114 3962 varglaichcn
1122 3899 1232 3964 idunan,
1241 3904 1294 3953 und

188 3984 239 4031 liau
261 3996 325 4043 var,
341 3982 499 4032 autentim
518 3983 591 4043 wird,
609 3983 649 4031 ein
671 3996 721 4030 mo-
761 3982 853 4030 wollen
883 3976 1034 4043 gleichwohl
1061 3977 1134 4025 mehr
1165 3990 1215 4025 von
1247 3978 1295 4029 der

189 4058 284 4108 dener
305 4058 499 4107 Grammatiher
520 4058 575 4108 sich
600 4056 720 4108 eiufnlleu
760 4058 844 4107 Sncbe
863 4056 955 4104 wiuari
972 4052 1009 4101 alu
1031 4050 1119 4100 Hom
1139 4051 1191 4101 und
1215 4054 1295 4105 Quin·

188 4134 274 4183 lucan
286 4132 395 4195 konute,
407 4133 452 4182 dus
469 4132 625 4196 Geganthell
637 4146 666 4182 zu
679 4134 721 4181 he·
761 4130 1086 4195 tilianl-Hrffllogalnat
1098 4129 1168 4179 diere
1179 4130 1295 4181 Materia

189 4210 313 4273 hannon,
338 4208 426 4259 wiirdc
460 4210 537 4258 kaurn
566 4207 720 4273 hagreiahch
761 4207 923 4259 inaGeach.
936 4205 1295 4262 d.kom.Ltt.1113.8.1a.ff.

189 4298 381 4353 ceynfflennes
389 4284 523 4337 nientlul.
532 4282 722 4347 Catascaliger
762 4286 846 4336 mitro
858 4284 938 4335 vleler
947 4282 1200 4347 dochianumismla
1211 4284 1293 4336 daron
