3184 4917
665 404 755 453 i'i'i'A
778 402 991 454 Juvnunuls
1011 446 1015 455 .

439 604 598 683 A.‘U.C.
620 614 696 680 822.
741 612 865 678 Christi
878 611 933 678 69.
977 609 1219 675 1888889828.

322 770 434 836 Galba
449 766 613 833 occiditur
628 785 649 829 a
665 763 715 831 M.
731 764 849 827 Salvio
872 758 1005 839 Othone,
1028 761 1158 826 homine
1172 760 1382 837 mollissimo,

277 874 335 959 qui
347 874 398 937 ita
408 866 577 934 diffluebat
590 866 738 941 luxuria,
750 871 786 927 ut
795 865 830 926 in
847 865 931 947 ipsis
943 862 1064 926 castris
1078 859 1382 942 utereturspeculis

278 974 454 1044 etfaciam
478 969 612 1033 madido
635 987 721 1051 pane
738 966 864 1030 lineret.
910 964 1006 1028 Idem
1032 964 1246 1046 paulopost,
1273 960 1383 1043 copiis

279 1078 350 1141 suis
373 1095 395 1139 a
419 1070 448 1135 V
448 1070 545 1135 itellia
571 1071 672 1135 vietis
696 1070 732 1133 in
752 1086 866 1151 pugna
888 1066 1115 1142 Betriacensi,
1131 1064 1242 1146 gladio
1261 1067 1383 1147 peetus

279 1182 343 1245 sibi
363 1176 542 1259 transfigit:
576 1174 644 1238 vid.
667 1173 739 1238 Sat.
766 1188 807 1236 11.
830 1170 966 1237 99-199.
992 1177 1027 1235 et
1051 1166 1102 1235 'v1.
1123 1169 1198 1233 559.
1242 1167 1382 1232 Amicus

278 1283 353 1367 ejus
367 1286 439 1344 erat
452 1275 593 1340 Seleucus
607 1274 813 1357 astrologus:
836 1294 870 1338 v.
884 1273 928 1337 ad
944 1271 1014 1338 Sat.
1033 1288 1082 1337 vr.
1097 1271 1172 1335 559.

238 1556 241 1567 ,
341 1454 388 1539 n.
404 1471 494 1537 uc.
516 1470 672 1538 888888.
716 1426 840 1535 cussa
855 1469 968 1536 anae.
1013 1469 1188 1535 usvenans
1202 1468 1318 1537 8888.

323 1622 463 1690 Vitellio
485 1620 656 1686 interfecto
680 1626 797 1701 regnat
823 1616 948 1683 Flavius
967 1616 1183 1705 Vespasianus,
1200 1621 1386 1705 Imperator

278 1728 401 1803 bonus,
416 1724 476 1789 sed
486 1732 555 1789 tam
566 1742 699 1799 avarus,
709 1728 746 1786 ut
757 1724 865 1787 urina
881 1723 1139 1805 etiam-vectigal
1153 1722 1385 1787 comminisce-

280 1833 380 1893 retur.
425 1826 478 1893 Ci.
492 1825 534 1891 ad
550 1825 622 1890 Sat.
639 1824 813 1887 8818994.

441 2021 485 2097 A.
499 2022 598 2089 uc.
620 2022 695 2087 888.
741 1978 866 2087 curso
879 2023 934 2087 70.
976 2020 1155 2086 suvanos
1169 2022 1224 2087 88.

325 2168 492 2236 Helvidius
510 2168 649 2251 Priscus,
673 2193 769 2255 gener
782 2172 942 2238 'lirraseae
959 2173 1059 2253 Paeti,
1077 2173 1252 2237 damnatur
1264 2191 1286 2235 a
1301 2169 1387 2237 Ves-

280 2275 432 2358 pasiano.
478 2274 531 2361 Cf.
547 2296 621 2359 sup.
637 2276 680 2341 ad
693 2294 724 2339 a.
739 2274 783 2338 U.
797 2294 828 2339 c.
844 2274 920 2340 819.

291 2446 294 2455 ’
394 2530 398 2537 ,
442 2466 487 2535 A.
502 2469 546 2563 u.
561 2469 600 2537 c..
623 2470 699 2537 888.
744 2471 936 2537 amsans.
980 2470 1227 2538 8888881884.

326 2616 381 2681 Ex
404 2616 505 2683 Italia
526 2620 618 2685 abire
637 2619 774 2703 jubetur
800 2616 958 2698 Berenice,
980 2619 1202 2703 pulcherrima
1222 2618 1385 2704 Agrippae

283 2719 430 2804 majoris,
449 2722 535 2805 regis
548 2720 572 2787 J
573 2722 755 2801 udaeorum,
767 2721 848 2800 iilia,
870 2719 925 2807 (ut
944 2720 1081 2805 qnidam
1093 2726 1221 2804 putant,
1235 2722 1386 2787 Herodis

283 2819 352 2885 filie
375 2829 410 2887 et
431 2840 517 2888 uxor
540 2823 727 2903 Ptolemaei,
753 2823 842 2903 regis
855 2819 1024 2907 AEgypti)
1038 2842 1114 2905 qnae
1141 2842 1289 2888 amorem
1314 2822 1385 2887 'liti

284 2922 431 2987 Caesaris
440 2924 513 3007 jam
527 2925 603 2989 inde
627 2928 671 2991 ab
696 2945 728 2990 a.
740 2923 786 2989 U.
800 2943 830 2988 c.
842 2922 919 2989 823.
932 2926 968 2988 in
984 2944 1025 2988 se
1039 2923 1247 3001 accenderat,
1260 2929 1384 2988 etcum

283 3022 393 3099 fratre,
408 3022 556 3110 Agrippa
578 3028 714 3103 minore,
733 3026 851 3091 ultimo
871 3025 1004 3091 Jndaeee
1024 3045 1111 3109 rege,
1123 3027 1284 3090 incestum
1296 3025 1388 3091 fecit.

285 3120 337 3186 cf.
352 3122 395 3185 ad
408 3123 478 3189 Sat.
493 3142 544 3189 vr.
558 3126 623 3190 156
637 3146 688 3209 sq.
732 3126 801 3189 Pro
814 3126 974 3189 Berenice
985 3127 1098 3207 regina
1110 3131 1143 3189 et
1157 3125 1247 3212 apud
1261 3144 1334 3190 eam
1350 3146 1388 3190 se

285 3238 423 3287 eausam
437 3222 563 3287 dixisse
577 3224 679 3288 tradit
691 3222 887 3302 Quintilian.
903 3224 986 3287 Inst.
999 3222 1057 3289 Or.
1072 3240 1122 3287 ιν.
1138 3226 1170 3289 l.

312 3432 393 3501 Ἀ.
407 3434 502 3502 ue.
524 3414 682 3503 sno-sss.
725 3439 849 3505 cursa
862 3440 973 3507 8788.
1016 3440 1191 3507 usvenans
1205 3442 1319 3509 8844.

331 3582 505 3651 Britannia
526 3592 559 3653 et
586 3586 723 3653 Orcades
747 3591 867 3655 umidae
893 3599 1125 3675 expugnantur
1151 3596 1195 3659 ab
1217 3593 1397 3677 agniona·

286 3688 345 3772 qui
356 3693 464 3753 tannen
478 3686 642 3755 Hibernia
650 3692 852 3775 occupandae
863 3692 1037 3757 eonsilium
1048 3696 1169 3779 exequi
1181 3715 1246 3759 non
1256 3701 1388 3779 potest;

287 3790 348 3855 sed
361 3796 536 3855 revocatus
558 3790 580 3855 a'¹
602 3792 794 3857 Domitiano
809 3793 845 3857 in
857 3795 927 3858 otio
940 3795 1034 3873 vivit,
1047 3801 1085 3859 ut
1105 3798 1233 3879 tyranni
1244 3796 1388 3861 insidiae

287 3890 433 3972 effugiat,
458 3896 492 3956 et
515 3893 652 3958 moritur
675 3913 708 3957 8.
727 3893 771 3958 U.
794 3914 825 3958 c.
852 3894 929 3959 846.
966 3913 1093 3960 veneno
1115 3902 1263 3973 necetius,
1295 3897 1387 3979 quod

288 3991 390 4071 rugo
410 3991 745 4059 saituneredebatur.
791 3992 844 4058 Gi.
866 3994 1002 4059 ad‘Sat.
1022 4011 1063 4060 u.
1084 3994 1150 4059 159
1169 4012 1294 4081 serv.
1312 3996 1388 4062 127.

290 4104 372 4156 xiv.
387 4090 461 4157 196.
484 4106 549 4155 XV.
563 4092 638 4155 124.
694 4090 808 4158 Gallia
832 4091 1001 4161 causidicos
1023 4094 1127 4162 docuit
1136 4093 1286 4182 facunda
1308 4093 1387 4161 Bri-

287 4196 398 4253 tannos
411 4190 484 4257 Sat.
498 4207 564 4256 κν.
580 4192 654 4261 111.
1054 4206 1058 4213 “
