3184 4917
295 381 340 447 ua
744 406 792 453 nn
816 405 955 456 sarira

265 564 270 573 ·
298 544 467 611 conditam
478 548 593 613 urbem
608 546 846 613 lectisternium
859 549 937 613 fuit.
979 548 1145 632 [Primum
1167 575 1198 620 a.
1215 552 1260 619 U.
1275 562 1308 620 c.'
1321 554 1398 623 356:

298 647 813 715 ateandcmobcausamiactum
823 649 1320 737 csse,traditidemLiv.V.13.]
1356 658 1401 723 Et

298 769 374 814 cum
388 752 440 816 vis
451 752 557 815 morbi
570 770 632 815 nac
647 752 800 817 humanis
826 754 976 818 consiliis
1000 775 1062 821 nec
1089 776 1154 842 ope
1176 758 1290 823 diviua
1310 759 1400 826 lera-

297 858 399 929 retur,
414 855 514 917 victis
530 855 759 939 superstitione
780 857 912 934 animis,
928 856 997 921 ludi
1008 878 1141 942 quoque
1154 862 1290 938 scenici,
1311 880 1402 927 nova

296 973 349 1017 res
364 954 525 1019 bellicoso
540 957 678 1040 populo,
694 958 783 1033 (uam
799 955 889 1021 Circi
911 956 1011 1022 modo
1026 962 1251 1042 spectaculum
1261 960 1400 1045 fuerat)

215 1090 220 1101 ·
297 1058 380 1120 mter
405 1057 470 1121 alia
496 1058 641 1121 coelestis
663 1058 722 1123 irae
744 1058 933 1141 placamina
946 1060 1085 1125 instituti
1099 1061 1260 1128 dicamur.
1304 1064 1400 1129 Cata-

297 1176 369 1220 mm
393 1178 499 1241 parva
516 1178 650 1243 quoquc
670 1158 722 1243 (ut
747 1159 849 1223 ferme
874 1161 1038 1243 principia
1061 1163 1185 1244 omnia)
1206 1169 1239 1226 et
1259 1182 1302 1227 ea
1325 1165 1405 1247 ipsa·

297 1263 541 1345 peregrinares
566 1263 637 1327 suit
682 1261 760 1325 Sine
789 1264 932 1326 camina
967 1264 1046 1343 ullo,
1072 1265 1143 1329 sine
1166 1264 1399 1333 imitandorum

298 1366 479 1431 carminum
518 1369 606 1441 actu,
634 1362 784 1428 ludiones
809 1384 855 1428 ex
884 1364 1017 1432 Etruria
1045 1369 1156 1446 acciti,
1184 1368 1228 1432 ad
1252 1369 1399 1435 tibicinis

296 1466 414 1533 modos
432 1466 601 1545 saltantes,
628 1461 718 1529 baud
743 1466 917 1531 indecoros
942 1476 1061 1533 motus
1080 1489 1170 1534 more
1197 1470 1314 1536 Tusco
1341 1470 1400 1535 da-

297 1573 418 1635 bant.¹²
464 1566 592 1632 Imitari
602 1566 720 1631 deinde
729 1584 788 1632 cos
795 1570 963 1653 Juventus,
973 1572 1072 1635 simul
1080 1571 1259 1636 inconditis
1268 1574 1398 1637 interae

292 1671 457 1759 jocularia
482 1668 655 1733 fundentes
676 1668 848 1746 versibus,’
870 1669 985 1754 (simul
998 1671 1042 1735 ad
1057 1673 1173 1736 tibiam
1187 1674 1320 1738 alternis
1341 1693 1399 1739 ca·

296 1770 408 1841 nentes
421 1791 537 1837 versus
562 1770 736 1837 Saturnios
759 1778 794 1835 ct
819 1771 1055 1851 Fescenninos,
1081 1776 1313 1859 actionemque
1338 1776 1398 1841 ad·

292 1878 468 1961 jungentes
493 1873 660 1937 saltationi
686 1871 741 1935 vel
762 1869 1024 1955 gesticulationi)
1046 1877 1221 1959 ‘coepera3
1255 1897 1316 1941 nac
1337 1878 1396 1941 ab·

298 1978 371 2041 soni
406 1996 428 2039 a
456 1994 539 2041 voce
580 1978 689 2037 motus
712 1970 846 2041 ‚arantl
886 1973 968 2058 (non
992 1990 1014 2035 a
1051 1979 1150 2039 cantu
1182 1976 1399 2042 abhorrebant

298 2074 439 2159 gastus.)
486 2080 497 2108 ‘
510 2074 663 2159 Accepta
684 2075 800 2155 itaqua
813 2093 867 2138 res
889 2076 1082 2159 saepiusque
1095 2078 1289 2161 usurpando
1302 2080 1397 2143 exci-

297 2180 379 2245 tata.
437 2176 635 2241 Vamaculis
658 2174 867 2253 ¹artificibus,
906 2178 989 2261 quia
1026 2178 1126 2241 hister
1152 2178 1266 2243 Tusco
1294 2179 1396 2243 verbo

296 2280 389 2344 ludio
403 2278 593 2354 vocabatur,
606 2296 728 2341 noman
742 2276 959 2343 histrionibus
971 2280 1129 2359 inditum3
1152 2281 1211 2363 qui
1224 2298 1301 2357 non,
1313 2280 1399 2344 sicat

297 2386 383 2457 ante,
408 2378 611 2443 Fescennino
626 2396 724 2441 versu
740 2378 881 2469 similem
903 2381 1163 2463 incompositum
1181 2384 1327 2447 temere¹³
1355 2398 1396 2445 ac

295 2480 410 2545 rudem
424 2480 556 2543 alternis
574 2478 757 2563 jaciebant,
777 2480 837 2543 sad
851 2481 1003 2565 impletas
1022 2482 1131 2547 modis
1145 2489 1319 2561 saturas,¹4
1340 2482 1397 2547 dc·

788 2625 895 2676 NOTAE

328 2733 481 2785 12·Etrrraci
493 2729 826 2793 inroravelttarioaam.
867 2731 925 2794 pria
945 2728 997 2781 fuit
1021 2730 1171 2795 conjunctio
1198 2729 1321 2781 sermonis
1337 2743 1397 2781 cum

294 2826 318 2863 e.
330 2810 415 2874 bituri,
424 2810 492 2875 (qua
502 2807 608 2872 propria
617 2806 719 2856 illorum
735 2806 827 2856 verbo·
866 2807 1073 2871 gesficclattone,
1094 2808 1136 2856 vel
1158 2807 1226 2857 actio
1254 2806 1286 2855 ad
1307 2806 1397 2856 modos

296 2902 352 2939 rum
362 2889 402 2937 vta
417 2893 467 2951 eat,
476 2893 505 2937 et
518 2886 580 2935 binc
595 2884 721 2935 translata
732 2884 764 2933 ad
774 2898 827 2935 om·
865 2889 895 2932 et
906 2883 994 2935 tibiam
1003 2881 1093 2944 ἠως
1110 2896 1187 2949 qaam
1194 2896 1254 2933 mox
1264 2884 1396 2933 aaltatioai

296 2978 341 3013 nea
366 2962 511 3013 fabularum
537 2969 648 3023 actores,
676 2960 720 3024 qui
750 2959 826 3009 simul
866 2959 1013 3023 adJunrtsae
1031 2960 1249 3021 dicituriaoeataa
1270 2960 1397 3009 Romana.

296 3046 369 3089 erant
382 3038 476 3103 hilma>
492 3036 525 3087 ad
537 3036 650 3087 tibicinis
667 3042 768 3086 tantum
779 3052 826 3085 mo
865 3032 967 3087 Quain
984 3036 1188 3098 reportaturum
1206 3036 1279 3085 Mina·
1295 3033 1397 3085 differe·

295 3118 337 3165 doc
351 3115 490 3181 (numeros,
501 3112 586 3175 totuis
595 3113 633 3162 καὶ
650 3110 771 3175 ἁρμονίαν)
780 3114 827 3161 aut-
865 3110 929 3157 bant
947 3125 962 3158 a
973 3109 1142 3169 Poatcmiaaa'a,
1151 3110 1195 3172 qul
1207 3124 1257 3158 non
1269 3123 1396 3174 sermone,

294 3192 386 3252 iubata,
401 3191 427 3240 b.
438 3204 463 3239 a.
480 3188 701 3253 gesticulabantar
720 3190 761 3235 rel
780 3188 826 3236 mi-
863 3183 910 3231 aad
921 3185 976 3233 rota
984 3183 1184 3245 gesticulatione
1199 3185 1349 3247 utebantur,
1365 3202 1396 3239 ac

294 3280 362 3315 mum
374 3265 495 3327 agebant,
509 3262 579 3329 (narn
590 3262 695 3311 saltatio
708 3268 824 3309 veterum
864 3258 1224 3323 pratereaaaqniaitioricum
1234 3264 1396 3325 arteatpaal-

293 3340 374 3405 magis
394 3338 451 3388 t'ere
476 3353 604 3401 manuum,
633 3352 707 3401 quarn
728 3334 823 3399 pedum
863 3332 953 3383 lebant
964 3341 991 3383 et
1005 3334 1145 3396 saltabant,
1159 3349 1208 3384 nec
1222 3336 1272 3384 nisi
1283 3335 1395 3401 Augusti

294 3426 366 3469 rirotu
393 3416 532 3467 artificioso
552 3412 758 3478 continebatur,)
772 3414 825 3463 aiae
863 3408 1107 3459 avocelabritatam
1117 3412 1253 3460 consecuti
1263 3410 1393 3465 videntur.

292 3494 339 3545 alto
359 3494 471 3557 amariae,
485 3494 565 3542 cantu
583 3500 611 3542 et
627 3490 825 3555 declamatione,
863 3485 941 3537 Coos.
951 3486 1054 3548 Ziagler
1063 3485 1097 3535 dc
1108 3486 1198 3537 btlarta
1212 3488 1398 3553 mmmmm,

291 3572 343 3623 alae
349 3578 413 3635 aaa,
424 3568 565 3621 drauratica
576 3574 605 3617 at
615 3567 716 3617 mimica
730 3581 825 3631 repra·
863 3564 940 3615 Gott.
953 3570 1024 3637 ¹⁷3⁸·

293 3648 437 3699 uenatione
448 3645 586 3706 carminum,
597 3656 694 3705 eornm,
711 3659 769 3709 quae
780 3658 823 3693 ca·
896 3644 927 3690 lt
936 3642 1085 3707 &gendum
1091 3643 1260 3695 crediderim:
1270 3645 1395 3696 ammt-

293 3722 387 3785 nenda,
398 3716 575 3781 declamanda,
587 3727 613 3768 et
624 3717 823 3785 imitandaacita
861 3730 891 3765 ac
909 3720 986 3767 cerui
1004 3720 1113 3784 wear,
1132 3722 1151 3770 i.
1158 3734 1179 3769 e.
1195 3722 1344 3785 conpositam
1359 3726 1394 3770 te·

293 3798 438 3853 imitatione
458 3798 579 3861 aptisque
605 3795 721 3861 gestibua
738 3795 825 3860 eapri-
862 3808 934 3857 aare,
951 3796 1004 3845 niai
1021 3796 1104 3861 malis,
1126 3799 1164 3846 cet
1189 3800 1340 3861 maritata
1357 3801 1398 3845 ta-

292 3874 388 3923 menda
399 3880 489 3923 eraut:
507 3888 566 3921 nam
582 3886 675 3923 carnea
694 3872 720 3921 b.
739 3871 824 3935 leat,
863 3875 1063 3923 mouendam.

293 3944 415 4014 qrricqtrid
433 3950 535 3998 canitur
545 3955 573 3997 et
589 3948 755 4010 declamatur,
771 3964 823 4012 quo
896 3952 927 3997 14
953 3947 1019 3998 Hac
1046 3956 1088 3998 est
1115 3949 1200 4012 prisca
1221 3949 1393 3999 Romanorum

294 4038 370 4073 sensu
393 4026 472 4073 etiam
495 4038 555 4071 mox
573 4038 667 4073 sacram
684 4024 824 4087 cnrrairrara,
862 4024 952 4074 Mara
971 4041 993 4074 s.
1014 4025 1105 4085 Satira
1131 4040 1214 4090 eaque
1243 4022 1396 4085 dramatica,

292 4096 446 4159 dramatum,
467 4102 534 4147 actor
555 4096 659 4147 dicitur.
702 4098 824 4147 licceat
861 4098 960 4164 (Parce,
973 4098 1394 4165 manaimesnumtnetrea-

206 4168 210 4179 '
293 4174 520 4236 primunacrude
528 4173 822 4237 mimornmganua,atna
861 4174 977 4225 matuta
988 4175 1102 4225 venitm
1112 4182 1199 4239 enata,
1208 4171 1392 4223 sotadeorum

293 4249 379 4301 verbis
401 4258 503 4301 actum:
520 4251 693 4315 postaaenim
711 4251 742 4301 iia
762 4264 822 4317 pro·
861 4251 1053 4302 similitudinem
1079 4250 1177 4314 afficta,
1206 4250 1278 4317 (nam
1304 4246 1392 4301 Lirim
