3184 4917
272 361 318 459 §a
662 378 755 430 vrrs
778 376 992 428 snvnrisms

276 536 392 615 nupta,
407 546 486 612 quse
501 526 620 591 enecta
634 542 655 587 4
669 542 706 587 se
721 524 921 605 conceptum
934 519 1066 601 abigere
1079 518 1225 593 moritis,
1240 520 1274 579 et
1287 534 1319 579 a.
1334 513 1380 581 U.

277 653 308 715 p.
323 632 398 696 844.
420 628 496 693 Chr.
517 628 570 694 91.
593 629 813 691 consecratur.
856 621 985 687 Eodem
1003 626 1150 703 tempore
1170 618 1382 683 Domitianus

277 751 414 801 severas
424 732 465 795 de
484 729 654 795 adulteriis
667 733 701 792 et
715 725 879 811 pudicitia
890 725 992 807 leges,
1009 720 1132 787 Juliom
1146 728 1181 786 et
1196 715 1381 795 Scotioiom,

277 839 424 904 revocat.
447 832 501 899 Cs.
525 830 569 897 44
591 831 661 895 844.
676 847 719 895 11.
734 828 849 895 29-44.
871 834 904 893 et
925 825 1088 890 Dodwell.
1102 822 1224 887 Annei.
1242 820 1381 900 Quintil.

277 935 368 1020 sos.

345 1114 389 1181 Α.
407 1110 452 1181 U.
469 1115 509 1181 C.
525 1114 680 1181 838845.
724 1112 847 1178 Christi
862 1066 981 1177 8592.Ι
1017 1110 1192 1176 Iuvenalis
1206 1102 1319 1171 44-51.

324 1280 455 1349 Bellum
471 1281 593 1363 geritur
606 1278 764 1343 adversus
780 1273 900 1356 Dacos,
913 1278 949 1341 in
963 1297 1031 1361 quo
1045 1275 1138 1359 App.
1152 1267 1275 1339 iunius
1289 1271 1385 1336 Sabi-
1445 1276 1448 1283 '

281 1402 345 1447 nus
364 1388 397 1447 et
424 1381 524 1449 Corn.
553 1377 670 1444 Fuscus
694 1383 842 1464 pereunt.
885 1380 1098 1445 Domitianus
1122 1374 1256 1441 tandem
1277 1391 1385 1438 annno

281 1486 406 1551 tributo
419 1487 583 1570 promisso
597 1504 717 1568 paoem
734 1486 777 1548 ab
798 1484 893 1548 hoste
906 1482 996 1559 emit,
1010 1487 1044 1545 et
1058 1486 1167 1545 tamen
1189 1479 1230 1542 de
1252 1476 1385 1541 victori-

280 1589 344 1652 bus
357 1586 478 1651 falsum
492 1587 561 1668 agit
581 1584 793 1667 triumphum,
809 1603 1054 1667 cognomenque
1069 1579 1184 1646 Dorici
1199 1580 1309 1645 sumit.
1332 1576 1386 1641 Cf.

283 1688 327 1755 44
341 1689 414 1753 844.
430 1704 481 1752 ιν.
496 1688 571 1751 111.
595 1688 735 1752 v1.205.
757 1693 790 1751 et
804 1686 970 1751 Dodwelii
994 1683 1112 1748 Annal.
1133 1681 1274 1761 Quintil.
1298 1679 1389 1765 592.

281 1798 316 1875 et
329 1811 365 1875 p.
381 1789 457 1855 190.
473 1790 532 1854 ubi
547 1790 777 1873 suspicabatur
790 1788 903 1864 etiam,
919 1786 1036 1850 eodem
1049 1790 1197 1866 tempore
1209 1779 1388 1845 ridiculum

283 1892 422 1957 Petrum
436 1890 610 1956 consilinm
629 1890 669 1953 do
690 1889 859 1955 inusitatus
880 1887 1115 1971 magnitudinis
1128 1884 1266 1949 rhombo
1280 1902 1302 1947 4
1316 1881 1387 1947 Do·

284 1994 421 2058 mitiano
432 1992 580 2057 habitum
594 2008 681 2068 esse,
695 1989 742 2076 (si
755 2010 871 2055 verum
885 1991 957 2068 fuit,
972 2010 1038 2054 non
1051 1988 1191 2065 fiotum)
1200 1992 1277 2051 ante
1287 2004 1388 2069 quam

284 2093 321 2157 in
337 2090 443 2155 Dacos
455 2092 636 2156 mitteretur
656 2086 780 2171 Fuscus,
803 2096 837 2155 et
858 2112 934 2156 oum
956 2092 1067 2156 tristes
1080 2098 1184 2154 tame
1201 2084 1388 2163 Britannis,

283 2192 399 2279 (cnjus
413 2212 471 2257 rex
488 2198 606 2278 praetor
626 2192 711 2255 alios
731 2192 795 2258 fuit
819 2191 999 2277 Arnimgus
1021 2193 1093 2257 Sat·
1110 2211 1160 2258 iv.
1175 2187 1270 2273 197.)
1287 2201 1389 2272 qnam

285 2295 328 2359 de
354 2291 458 2358 Cattis
480 2300 513 2357 et
538 2292 721 2379 Sygambris
744 2296 850 2358 nuntii
872 2297 1049 2360 venissent.
1091 2292 1143 2357 cf.
1172 2292 1217 2357 44
1241 2292 1311 2356 844.
1337 2308 1387 2355 ιν.

283 2396 328 2461 ar
341 2414 417 2479 sqq.
430 2396 505 2461 111.
521 2396 596 2459 444.
610 2396 685 2461 147.
718 2394 759 2459 n·
774 2396 918 2468 consino
932 2380 1066 2460 affuisse
1080 2396 1233 2459 nemer
1248 2390 1389 2477 regam

284 2493 392 2562 ictus
416 2496 659 2574 celeberrimus,
683 2497 741 2579 qui
764 2497 827 2560 sub
851 2496 1065 2581 Vespasiano
1094 2496 1218 2561 comui
1235 2495 1301 2560 fnit
1319 2495 1389 2559 suf*

284 2598 391 2663 sectus
406 2617 479 2663 cum
495 2596 653 2677 Pusione,
677 2606 711 2663 et
732 2607 858 2681 postea
870 2593 1055 2664 Praefectus
1070 2597 1166 2678 Urbi,
1186 2602 1231 2677 (v.
1251 2596 1296 2662 ad
1318 2598 1389 2662 844.

285 2715 339 2765 ru.
361 2696 407 2765 75
420 2704 485 2784 sq.)
512 2694 622 2761 Vibius
645 2696 783 2784 Crispos,
808 2718 912 2763 senex
930 2701 1070 2783 jucundi
1094 2708 1128 2766 et
1147 2699 1238 2765 mitis
1255 2699 1388 2782 ingenii,

284 2800 370 2881 (844.
387 2818 437 2864 iv.
452 2801 496 2866 81
510 2804 574 2885 sq.)
591 2800 714 2864 Acilius
728 2795 865 2863 Glabrio
886 2819 963 2864 cum
981 2800 1062 2880 tilio,
1075 2802 1161 2880 (Sat.
1177 2818 1228 2865 ιν.
1241 2799 1390 2878 93-103.)

287 2898 442 2981 Rubrius,
472 2904 565 2981 (ibid.
602 2923 634 2966 v.
673 2904 737 2967 104
764 2907 830 2987 sq.)
861 2898 1035 2967 Montanus
1062 2904 1238 2970 abdomine
1263 2903 1389 2981 tardum,

287 3005 332 3081 (v.
361 3005 450 3082 107.)
485 3003 655 3087 Crispinus,
679 3008 841 3069 matutino
864 3006 988 3070 sudans
1010 3024 1152 3082 amomo,
1177 3006 1249 3089 (qui
1274 3024 1390 3070 servus

288 3104 369 3168 olim
385 3104 493 3168 fuerat
514 3104 703 3188 AEgyptius,
719 3105 778 3168 sed
793 3126 815 3169 4
828 3104 1023 3169 Domitiano
1042 3106 1086 3169 44
1109 3098 1300 3187 dignitatem
1314 3124 1391 3190 pro·-

287 3210 406 3271 vectus
428 3211 611 3287 equestrem
634 3206 767 3269 luxuria
791 3204 974 3283 diffluebat,
997 3205 1039 3270 de
1058 3224 1124 3288 qno
1146 3224 1178 3269 v.
1203 3205 1248 3270 44
1271 3206 1344 3271 844.
1366 3224 1390 3271 1.

287 3306 332 3371 26
346 3325 397 3390 sq.
414 3323 463 3369 iv.
477 3307 498 3370 1
513 3326 564 3389 sq.
580 3304 756 3386 108109.)
803 3304 969 3389 Pompeius
988 3307 1122 3385 delator,
1137 3306 1221 3384 (Sat.
1238 3324 1287 3371 lv.
1301 3308 1391 3386 110.)

290 3406 389 3472 Corn.
406 3403 530 3485 Fuscus,
544 3408 638 3485 (ibid.
648 3430 679 3473 v.
689 3409 763 3475 lll.
773 3410 863 3487 112.)
881 3408 1026 3472 Catullus
1035 3405 1224 3473 Messalinus
1234 3415 1267 3472 et
1278 3406 1393 3473 Fabri-

291 3508 354 3572 cius
371 3504 507 3574 Veiento.
522 3515 568 3589 (v.
585 3511 628 3575 44
644 3510 713 3575 844.
729 3530 777 3577 ιν.
792 3513 858 3576 113
873 3532 923 3596 sq.
938 3517 972 3577 et
984 3532 1058 3595 sup.
1072 3512 1116 3575 ad
1130 3530 1160 3576 4.
1176 3506 1220 3576 U.
1235 3532 1265 3576 c.
1278 3512 1369 3592 834.)

430 3688 434 3698 ’
457 3706 500 3774 Α.
516 3704 559 3772 U.
575 3708 615 3773 G.
630 3708 705 3775 839.
750 3708 873 3776 Christi
885 3710 939 3776 86.
982 3710 1157 3775 Juvenalis
1170 3710 1225 3775 45.

337 3870 462 3958 Agonas
487 3871 660 3958 Capitolini
680 3888 702 3937 a
725 3874 919 3940 Domitiano
942 3876 1156 3941 instituuntur
1177 3875 1212 3938 in
1233 3874 1392 3939 honorem

291 3970 315 4035 J
316 3974 390 4037 ovis
405 3972 595 4057 Capitolini,
610 3982 643 4040 et
659 3972 832 4037 Britannia
846 3976 956 4039 444414
969 3976 1223 4041 circumvehitur
1234 3975 1279 4038 nb
1292 3971 1392 4056 Agri-

291 4072 511 4149 4414444444
525 4074 732 4157 praefectura
745 4077 817 4159 ejus
829 4076 865 4139 in
878 4076 1052 4141 Britannis
1065 4094 1162 4141 anno.
1194 4074 1248 4140 cf.
1262 4074 1307 4139 sd
1320 4073 1392 4141 844.

296 4188 346 4236 vr.
359 4172 434 4239 387.
452 4182 518 4239 vn.
532 4172 586 4240 86.
600 4180 635 4239 et
649 4174 814 4242 Dodwell.
829 4174 918 4240 Ann.
931 4176 1071 4256 Quintil.
1086 4178 1104 4262 4
1117 4178 1173 4243 22.
