3184 4917
678 453 731 501 nn
754 450 879 545 snr31.
1270 437 1339 505 175

235 612 330 663 snm:
353 592 443 661 Pone
460 592 660 682 Tigellinum,
683 598 795 663 statim
810 595 923 661 lucedis
938 596 972 660 in
987 595 1045 661 illu
1061 594 1153 676 tadu,
1175 619 1238 683 qno
1252 606 1338 661 eton-

234 706 277 762 les
291 695 413 777 ardent,
439 702 473 765 et
481 696 618 783 sumunt
630 698 703 783 fixo
717 722 743 765 s.
760 700 863 767 affixo
885 710 1024 784 gruture,
1047 704 1082 765 ct
1104 702 1148 765 ab
1167 721 1233 786 qun
1247 701 1339 767 taedo

91 802 97 811 '
233 796 334 863 medin
350 820 446 863 nreno
461 796 544 885 (non
559 801 800 885 amphitheatri,
821 801 882 866 sed
896 802 1041 886 qumvis,
1063 803 1241 867 cremando
1263 822 1338 868 cor-

233 902 309 985 pori
333 900 529 988 subjecens)
544 900 643 968 lotum
659 902 776 967 sulcum
792 904 905 988 adipis
919 922 997 969 cum
1011 905 1088 988 pice
1101 906 1209 983 mixti,
1237 910 1272 970 et
1292 924 1339 970 ex

233 1004 381 1069 ustulato
396 1024 533 1087 corpore
549 1004 790 1083 descendentis,
814 1004 950 1084 deducit,
969 1006 1001 1070 h.
1015 1026 1045 1069 o.
1060 1007 1195 1085 derivat,
1222 1013 1260 1073 ut
1281 1028 1337 1092 up.

233 1103 306 1169 Cic.
327 1104 368 1169 de
393 1104 474 1169 Div.
499 1120 540 1168 rr.
560 1106 634 1176 105.
659 1111 692 1169 et
714 1104 809 1189 Virg.
825 1105 891 1171 θεῷ
911 1106 1241 1186 1.,Μ.-Ψίὼοῆιιε
1257 1108 1338 1175 olim

233 1206 445 1290 conjiciebat,
463 1204 518 1292 pin
542 1205 627 1270 ducit
651 1228 745 1272 urenn
756 1229 768 1276 ‚·
790 1206 881 1292 quod
903 1210 1059 1292 probavit
1081 1208 1338 1275 Sohaemus,-

231 1308 255 1374 J
256 1329 288 1374 o.
303 1308 361 1373 Fr.
376 1308 578 1386 Gronovius,
594 1310 638 1373 ab
654 1307 826 1373 Heuninio
839 1310 1009 1389 laudatus,
1030 1311 1134 1376 verba
1146 1310 1258 1395 polites
1272 1313 1338 1386 hoc

233 1430 334 1477 sensu
353 1410 461 1496 cepit:
486 1408 556 1477 Fac
577 1430 654 1475 eum
667 1412 795 1476 vixisse
810 1429 885 1476 aevo
901 1412 1060 1491 Neronis,
1085 1416 1119 1476 et
1142 1402 1205 1496 pro
1221 1412 1338 1481 Mucio

231 1515 385 1600 posuisse
407 1512 620 1596 Tigellinum,
644 1512 727 1579 nihil
752 1514 875 1578 certius
894 1514 965 1579 sore
985 1512 1147 1598 spondeo,
1175 1535 1277 1599 quem
1300 1522 1339 1582 ut

231 1616 402 1686 lucentia
427 1617 487 1681 illn
514 1614 604 1679 teda
625 1614 776 1679 molestae
803 1618 938 1695 tunicae,
960 1621 993 1680 et
1018 1614 1171 1680 defossus
1186 1618 1221 1681 iu
1235 1614 1337 1682 medin

233 1740 331 1783 arena
345 1715 462 1780 sulcum
477 1712 577 1779 latum
592 1712 733 1795 diducat,
759 1716 814 1782 vel
827 1716 972 1780 medinm
988 1734 1121 1781 arenam
1141 1720 1237 1783 sulco
1259 1740 1337 1803 upe-

230 1820 295 1887 riat
308 1840 348 1887 nc
362 1806 499 1885 dividat.
544 1814 639 1883 Huic
654 1817 873 1905 explicationi
895 1818 1008 1885 iuvent
1027 1818 1152 1885 similia
1169 1818 1247 1885 locu
1261 1820 1337 1885 Seu.

232 1923 274 1988 de
294 1922 345 1987 ira
359 1938 415 1986 111.
429 1921 461 1986 3.
476 1926 559 1985 extr.
585 1916 770 1983 circumdati
796 1918 921 2005 defossis
936 1920 995 2006 (nl.
1015 1918 1135 2001 definis)
1161 1920 1338 2004 corporibus

231 2025 328 2113 ignes,
350 2030 413 2089 cet.
428 2029 461 2087 et
474 2021 561 2087 Gell·
579 2024 700 2087 111.14.
727 2018 877 2087 Homines
900 2020 1083 2108 defoderunt
1098 2021 1197 2086 Poeni
1219 2022 1253 2085 in
1276 2032 1338 2087 ler-

231 2150 301 2193 rum
316 2123 506 2202 dimidiatos,
520 2124 683 2207 ignemque
696 2122 975 2207 circumposuerunt
987 2148 998 2184 .-
1022 2124 1065 2187 nd
1084 2142 1162 2207 quie
1176 2124 1254 2188 loen
1266 2126 1338 2190 vid.

232 2229 346 2315 Intpp.
361 2229 420 2313 qui
442 2226 539 2311 plura
564 2226 662 2309 hujus
684 2224 889 2291 crudelitatis
914 2226 1069 2309 exempla
1094 2232 1337 2305 congesserunt.

231 2331 298 2397 Sed
312 2332 374 2395 hoo
384 2329 515 2393 ratione
526 2326 673 2391 admissa
687 2346 896 2411 reponerem:
921 2325 1050 2413 quisito
1062 2322 1337 2410 gutturefumant,

230 2433 285 2499 vel
302 2430 429 2517 sumni,
453 2426 497 2492 Et
523 2428 622 2493 lotum
644 2427 744 2493 medio
760 2427 876 2493 sulcum
898 2428 953 2515 qui
971 2428 1057 2493 ducit
1073 2450 1179 2493 ereren.
1223 2416 1268 2493 'Et
1288 2430 1360 2496 ita.

229 2527 369 2622 poetam
382 2534 515 2599 omnino
535 2532 710 2617 scripsisse
725 2531 935 2616 crediderim3
960 2533 1025 2597 nisi
1049 2532 1132 2597 sorte
1154 2536 1244 2597 totus
1263 2552 1336 2597 ver·

231 2654 302 2715 sus,
326 2652 426 2720 quem
440 2636 534 2700 salvo
549 2654 651 2701 sensu
666 2635 764 2703 obelo
785 2634 974 2718 transfigere
988 2634 1079 2712 lieet,
1101 2634 1336 2718 interpolatrioi

232 2736 344 2805 manui
358 2736 509 2817 debetur,
534 2740 568 2801 et
583 2734 682 2822 plone
697 2734 894 2823 ejiciendus,
916 2754 983 2800 non
1002 2733 1227 2799 emendandus
1240 2738 1299 2802 est.
