3184 4917
287 392 360 459 2tr2
641 412 675 461 n.
697 412 813 461 sunu·
827 412 1039 463 ruvananrs

334 551 431 620 Vicit
445 556 478 617 et
490 551 555 618 hoo
569 560 753 620 monstrum
765 556 905 621 tunicati
919 556 1049 628 susm
1061 555 1217 631 Gracchi,

294 654 622 739 Lustravitqueluga
634 655 778 720 mediam
791 657 955 739 gladiator
968 677 1112 738 arenam,

295 756 338 823 Et
348 756 545 842 Capitolinis
560 758 758 840 generosior,
772 767 806 825 et
821 758 1001 839 Marcellis,
1345 761 1420 825 1⁴5

287 939 386 1000 succino
399 940 502 991 Gracchi
512 942 592 991 iaaac
603 941 680 991 tanati
686 958 697 999 ,¹
718 948 789 1007 «ἅμα
803 944 936 1007 ωπον,
946 943 991 1010 qui
1009 946 1111 995 ινάἱω
1119 959 1216 995 areanae
1223 942 1355 1006 fugienda
1366 942 1420 992 άτ-

294 1004 378 1067 euicit,
391 1004 516 1065 satiaret
528 1002 678 1072 Capitolinis,
688 1012 713 1056 et
724 1007 855 1073 Marcellia,
863 1012 887 1058 el
896 1010 996 1073 porterit
1012 1012 1093 1060 Catali
1103 1026 1131 1060 cc
1145 1010 1223 1072 Pauli,
1234 1015 1259 1058 et
1271 1008 1379 1071 Fabiir,
1391 1012 1419 1057 et

793 1168 901 1227 NOTAE

295 1294 502 1358 rentibuuigitur
518 1296 638 1346 mulierea
654 1292 830 1347 occurrebant
866 1297 969 1349 infinie.
1017 1300 1050 1349 ln
1079 1297 1277 1363 Amphitheatro
1306 1311 1417 1361 nempe

289 1370 490 1441 vacverberibne
503 1386 549 1421 ceu
566 1371 663 1436 palmae
681 1386 726 1423 aen
739 1379 828 1423 uteror
865 1375 1087 1441 componebantur
1106 1374 1288 1425 Gladiatorum
1310 1372 1414 1437 paria:

288 1442 446 1495 offerebant.
455 1446 524 1497 ilinc
536 1448 614 1498 Ovio.
623 1450 693 1499 Faat.
701 1452 725 1499 ὓ.
736 1448 744 1477 ⁴
755 1450 778 1499 N
783 1464 829 1513 up·
865 1453 931 1503 alter
949 1451 1074 1501 Mirmlllo
1085 1448 1223 1500 dicebatur
1236 1453 1265 1499 et
1276 1455 1414 1509 cecoton

297 1530 325 1571 ta
342 1522 402 1587 quid
415 1526 557 1588 expectaui
581 1525 642 1576 Non
661 1533 690 1575 tn
710 1526 831 1589 pollenti·
866 1530 1029 1594 habebatque
1040 1544 1088 1593 pro
1102 1529 1189 1589 armis,
1204 1526 1333 1589 gladium,
1353 1526 1415 1589 cly-

296 1598 345 1649 bua
366 1600 464 1663 berbin,
482 1602 539 1652 Neo
558 1617 648 1667 prece,
662 1618 713 1654 nec
729 1605 830 1669 magico
867 1621 954 1670 peum,
966 1609 1082 1670 galeam:
1107 1607 1176 1655 alter
1194 1604 1332 1655 Retiariua
1345 1602 1413 1654 ,reti

295 1676 408 1726 carmine
418 1686 500 1727 mater
511 1680 572 1730 eric.
591 1681 692 1745 Excipe
701 1679 830 1732 facunde
867 1699 899 1734 ac
918 1682 1019 1733 fuscina
1031 1688 1155 1742 armatur,
1173 1682 1223 1730 ceti
1243 1680 1357 1745 quidem
1370 1680 1415 1729 in·

296 1752 428 1817 patienter
440 1755 549 1805 verbera
567 1754 668 1807 dextrae
680 1774 687 1819 ;
717 1758 777 1809 Jam
788 1772 829 1807 ao·
868 1762 972 1810 rolrere
983 1764 1063 1822 caput
1071 1757 1237 1807 Mirmillonin
1245 1757 1413 1819 conabatur,

295 1844 340 1879 cer
350 1836 469 1895 optatum
482 1847 574 1883 nomen
585 1834 689 1886 babebit
700 1836 761 1884 aui!
867 1848 899 1885 ac
909 1835 1009 1885 succina
1016 1840 1133 1899 captare,
1140 1833 1260 1897 humique
1269 1830 1412 1896 affligere:

328 1910 375 1955 14³
390 1907 742 1974 l'icitetbocmaaetrunr,t5c.]
753 1912 829 1961 Mon·
867 1910 935 1976 quod
953 1925 1048 1975 pugna
1062 1924 1144 1973 genua
1163 1906 1246 1957 fertur
1264 1908 1411 1959 inventum

295 1982 386 2033 atrocia
404 1984 454 2033 illia
466 1984 575 2035 marium
590 1986 687 2050 nuptiia
700 1985 774 2050 pejus
785 1984 830 2034 aii·
867 2003 883 2036 a
894 1986 1000 2037 Pittaco
1020 2001 1069 2036 uno
1090 2000 1105 2034 e
1124 1990 1225 2049 neptem
1235 1983 1352 2035 Gracina
1363 1985 1412 2035 San

296 2059 357 2124 quid
380 2060 469 2111 videre
489 2068 531 2110 ert
548 2062 648 2125 Roma,
660 2063 760 2113 scillcet
775 2063 829 2113 No·
867 2062 1008 2128 pientibua.

294 2134 829 2203 bileiquiarenaaepollnunt,etplebeiia
900 2142 948 2189 144
965 2139 1134 2202 ωταίέῃο
1147 2136 1282 2200 mitt]
1310 2136 1410 2188 Decli-

295 2212 347 2263 imo
358 2212 471 2279 indiguit
486 2214 726 2266 exercitationibus.
760 2216 829 2267 Nam
867 2230 932 2266 naua
960 2216 1143 2266 Mirmillouem
1168 2212 1262 2263 inferta
1291 2214 1411 2279 cuspide

294 2290 394 2339 scelera
405 2292 455 2341 ista
474 2298 626 2355 portentoaa
645 2292 748 2358 quidem
759 2300 829 2357 runt,
867 2299 1044 2358 appetentem.
1061 2289 1410 2353 VelintelligitGracclrum

295 2366 341 2413 sed
358 2367 477 2428 occulta,
504 2374 532 2417 at
552 2368 657 2432 publice
674 2375 830 2419 exercentur
867 2384 920 2419 nou
932 2369 1075 2420 Retiarium
1087 2374 1188 2417 tautum
1208 2366 1303 2429 eglaae,
1315 2365 1366 2424 aed
1378 2372 1410 2416 et

294 2441 403 2493 infamer
426 2444 469 2494 icti
496 2444 560 2507 ludi,
585 2453 614 2497 et
646 2448 695 2497 boc
716 2447 829 2511 exempli
868 2446 1060 2506 Mirmillouem,
1081 2445 1126 2509 qui
1146 2443 1235 2508 fugam
1263 2441 1411 2493 simulabat

297 2519 392 2583 pejorin
411 2526 440 2569 et
457 2518 584 2584 gravioria
603 2521 731 2584 periculi:
759 2522 828 2587 qnod
866 2527 928 2571 ante
948 2520 1110 2570 Retlarium:
1134 2518 1204 2567 uude
1229 2524 1410 2569 contuerecat

294 2610 312 2644 a
332 2595 437 2646 Nerone
465 2594 569 2661 quidem
590 2598 699 2647 Romani
720 2595 830 2661 Imperii
867 2596 998 2648 Retiariua
1010 2596 1151 2645 identidem
1169 2593 1325 2657 increparet
1351 2606 1409 2644 non

298 2677 414 2721 monstro
438 2685 468 2721 ac
491 2676 614 2735 portento
636 2669 768 2737 profluxit.
801 2672 829 2721 la
868 2682 896 2725 te
908 2680 981 2739 peto,
992 2674 1091 2737 placem
1102 2677 1175 2736 peto,
1186 2670 1249 2735 qnid
1260 2684 1301 2720 me
1322 2670 1407 2735 fugis,

297 2746 366 2797 enim
375 2747 471 2797 amarit
480 2746 559 2799 cdere
569 2747 645 2799 ludos
656 2748 739 2799 omnia
751 2762 829 2812 geue·
867 2750 944 2801 Galle
952 2750 976 2799 i·
990 2749 1119 2799 Nimirum
1139 2747 1229 2797 vertici
1241 2746 1310 2795 illine
1320 2746 1406 2811 galeae

295 2824 342 2887 ria,
351 2838 383 2874 ac
392 2824 462 2874 iuter
469 2824 533 2875 aliea
540 2825 721 2889 gladiatorium
730 2839 830 2877 munuc.
867 2826 952 2876 iuerat
963 2824 1042 2890 pincia
1052 2822 1162 2889 effigiet.

297 2901 466 2953 Suetoninac.
480 2904 518 2951 ta.
531 2910 559 2951 et
568 2901 639 2951 alibi.
657 2902 712 2952 Sub
723 2902 830 2953 Vitellio
901 2902 1043 2967 cataro]
1067 2899 1181 2953 Gracchi
1189 2899 1258 2949 tiliur
1270 2900 1406 2950 Retiarlua

297 2978 454 3041 prohibitum
471 2976 531 3042 init,
541 2992 575 3027 ue
593 2980 702 3029 Romani
720 2980 829 3044 Equites
867 2978 929 3042 fnit,
940 2979 1009 3030 etad
1020 2977 1153 3028 infamiam
1162 2974 1404 3042 unquaGladiator.

296 3053 370 3103 Ludo
387 3059 416 3102 et
436 3066 514 3102 arena
526 3054 712 3116 polluerentur.
725 3055 829 3105 cornel.
867 3055 951 3106 Vetus
960 3055 1046 3103 Sobel.

295 3129 376 3177 Tacit.
395 3128 560 3177 Domitianus
592 3130 697 3195 quidem
730 3131 829 3180 nullum
899 3124 1404 3191 Areaara1AreamAmpbitbcatrillom.

295 3204 384 3268 coigit
393 3204 426 3253 ad
439 3204 603 3267 pugnandum
622 3206 648 3253 in
667 3219 762 3267 ararat
782 3206 829 3256 aed
866 3216 945 3251 arena
954 3209 1072 3264 stratam,
1081 3214 1116 3250 ne
1126 3201 1231 3264 aaugola
1242 3199 1278 3249 ibi
1292 3200 1366 3253 foena
1376 3204 1403 3252 ia

296 3280 371 3329 multi
383 3280 431 3329 rub
450 3280 553 3329 Nerone
571 3279 672 3343 pridem
688 3280 727 3329 ble
737 3281 829 3345 pognia
866 3277 1030 3328 Gladiatorio
1050 3276 1195 3342 presertim
1212 3290 1318 3326 manere
1328 3292 1405 3343 epec-

297 3355 392 3405 auaueti
407 3361 501 3419 sponte
520 3354 547 3403 iu
568 3368 671 3406 arenam
688 3355 830 3406 derceude-
867 3354 1094 3404 tautibnaborrori
1105 3359 1182 3415 emet,
1197 3355 1217 3402 ai
1234 3353 1303 3401 bunri
1319 3354 1403 3405 dello-

297 3431 368 3482 bant.
401 3431 478 3485 Quod
498 3432 539 3481 liic
558 3430 665 3481 damnat
684 3432 830 3495 iuvenalia,
867 3446 913 3481 ere
924 3432 1106 3482 acdecurrere
1118 3439 1280 3481 cerneretur.

297 3514 325 3559 et
334 3508 390 3559 Sat.
399 3522 462 3559 vur.
474 3523 511 3557 va.
523 3512 580 3557 2⁰0.
901 3512 948 3557 tlt
958 3508 994 3556 Et
1005 3508 1149 3571 Capitolinis
1156 3507 1305 3571 gmerocior]
1320 3507 1413 3567 Grac,

331 3584 828 3649 lbaicaNJGladiatoreeindutiaimpli·
867 3584 940 3646 chuc,
962 3584 1077 3647 inquam,
1095 3584 1199 3631 nemine
1227 3584 1401 3635 Romanorum

297 3663 321 3713 ci
334 3663 422 3713 tunica
433 3660 614 3724 decertabant,
625 3674 676 3725 quo
685 3668 772 3711 errent
782 3676 827 3711 ea·
867 3660 975 3711 inferior
990 3674 1095 3724 genere,
1114 3660 1224 3722 virtute,
1239 3662 1402 3723 prestantia,

297 3738 447 3801 peditiorcs.
464 3737 532 3786 vide
540 3738 595 3787 Sat.
607 3750 669 3786 vrrr.
681 3752 718 3787 vo.
725 3742 786 3789 2⁰⁷.
867 3738 1032 3801 componitur
1050 3751 1110 3786 cnm
1127 3736 1299 3797 ¹Gladiatore,
1321 3752 1352 3787 ac
1373 3738 1401 3786 ln

330 3814 443 3879 Furtim]
463 3812 574 3863 'ltidenr
587 3814 666 3862 telum
677 3814 828 3879 quouteba·
867 3827 948 3864 arena
964 3814 1093 3864 decertat.
1126 3812 1181 3861 Per
1199 3814 1408 3877 indignationem,

298 3897 340 3940 tur
353 3890 492 3939 Ratiariua.
869 3892 927 3941 bac
938 3891 984 3941 ait.

330 3966 432 4015 Fundau
465 3964 580 4027 Graceli]
617 3965 761 4027 Gracchus,
787 3966 829 4015 vet
904 3968 1056 4032 watien]
1079 3966 1194 4029 Maullic,
1211 3978 1319 4031 quornm
1335 3976 1399 4013 unua

297 4040 408 4106 quilibet
418 4037 829 4102 aliucePatriciiancNobilibua,
871 4043 979 4093 deleme
996 4043 1127 4107 capitolio
1143 4041 1286 4106 Capitolini
1306 4050 1400 4103 cogno·

298 4122 411 4165 armatur
420 4114 471 4165 reti
481 4130 512 4164 ac
524 4113 626 4165 succina
640 4130 712 4165 more
724 4116 829 4165 Gladia-
870 4132 930 4169 men
938 4132 969 4167 ac
979 4118 1060 4167 decue
1071 4120 1179 4167 iureuit.
1189 4117 1241 4167 'lia
1250 4116 1307 4165 liv.
1318 4114 1337 4162 1.
1348 4127 1377 4162 v.

298 4196 433 4251 torennae
444 4191 533 4241 tunica
549 4190 641 4240 leviter
661 4192 791 4255 obtectus,
801 4201 830 4243 et
903 4192 1037 4256 muman]
1053 4196 1137 4246 Quam
1147 4192 1254 4243 illustria
1263 4190 1403 4240 Marcello·

297 4265 414 4315 inarena
432 4266 583 4329 depugnant
602 4280 660 4317 cum
681 4268 829 4319 eordidlaac
869 4285 926 4321 rum
945 4270 1042 4320 familia
1064 4273 1153 4320 Romae
1182 4268 1271 4331 fuerit,
1291 4280 1402 4333 quotam
