3184 4917
475 418 710 469 ἸΕΒΉΜΟΝΙΔ
734 418 783 467 ΒΕ
806 418 1019 469 Juvltrtsnu.
1237 408 1302 475 121
1325 457 1329 465 .

197 584 389 653 quanquam
412 564 448 630 in
460 564 563 629 literis
585 566 619 627 et
643 562 771 628 usibus
798 562 1056 646 elegantioribus
1082 566 1162 633 huic
1190 569 1303 639 studio

198 687 287 755 nque
299 674 333 734 el
351 666 420 751 igni
433 665 642 731 interdictum
662 665 777 730 oriris
800 664 1004 731 doctissimis
1016 667 1125 733 rideo.
1148 669 1304 739 Ceterum

197 770 351 836 escholis
365 767 498 852 quidem
509 766 692 851 explicatio
704 767 845 833 istorum
855 767 1016 847 locorum,
1027 786 1104 853 qum
1117 772 1153 835 in
1163 774 1254 840 editt.
1267 776 1302 844 iu

197 890 294 937 usum
309 870 468 954 Delphini
482 888 501 933 e
516 873 608 934 textu
622 874 692 936 tem
715 870 826 953 inepte
848 876 1010 950 resecato,
1032 892 1133 956 qnam
1153 877 1251 941 stulte
1271 883 1304 942 et

197 974 418 1059 imprudenter
440 973 584 1047 collecta
607 976 641 1036 et
662 972 708 1045 ud
733 972 862 1037 nucem
885 973 1046 1058 ndjmcte
1064 982 1152 1054 suut,
1170 974 1220 1060 (v.
1241 979 1301 1045 inf.

197 1069 629 1158 Iud.Editt.eds.1684.)
650 1074 715 1139 nisi
737 1092 815 1139 cum
838 1076 1003 1160 pravitate
1030 1079 1158 1145 institui
1182 1081 1303 1163 possit,

197 1179 378 1245 omittenda
390 1184 456 1259 est;
480 1164 668 1262 quenquam
683 1177 853 1255 existimo,
865 1197 906 1243 cs
921 1180 1042 1243 teneris
1052 1179 1215 1264 juvenum
1233 1182 1304 1246 oni-

196 1282 262 1346 mis
284 1301 350 1346 nou
375 1286 445 1346 tam
468 1280 626 1365 pestifera
650 1298 738 1357 esse,
762 1298 863 1363 quem
886 1282 1104 1364 quorumdam
1128 1282 1304 1367 poetarum

196 1388 318 1448 nostrae
334 1384 444 1448 estatis
458 1382 588 1447 delicies
611 1388 645 1447 ct
666 1382 850 1466 elegantiis,
865 1386 987 1467 quibus
1008 1406 1063 1449 res
1084 1392 1199 1471 turpes
1213 1393 1246 1451 et
1259 1388 1302 1450 ab

196 1486 368 1550 honestate
381 1484 613 1549 remotissimos
627 1484 682 1547 vel
696 1484 824 1547 liberali
846 1491 880 1550 et
902 1486 1044 1570 ingenus
1061 1486 1149 1553 secie
1161 1489 1303 1553 induen-

196 1592 260 1665 tur,
276 1588 329 1650 vel
342 1589 518 1652 verborum
533 1590 566 1651 et
581 1586 812 1650 sententiarum
836 1606 954 1652 venere
978 1596 1012 1653 et
1029 1590 1201 1656 illecebris
1212 1610 1303 1656 com·

195 1688 396 1753 mendentur.
441 1688 582 1767 Etenim,
597 1696 634 1753 ut
647 1690 795 1753 maxime
810 1694 897 1755 tecte
918 1696 953 1754 et
974 1692 1129 1775 ambigue
1143 1712 1186 1757 es
1200 1712 1303 1757 enun-

197 1790 318 1855 ciaudo
332 1791 536 1857 verecundiae
551 1796 584 1855 et
593 1791 713 1875 pudori
727 1792 917 1859 consultum
929 1792 1073 1871 videtur,
1082 1795 1129 1859 ita
1143 1794 1301 1859 facillime

197 1893 317 1957 animis
333 1892 435 1957 castis
450 1894 558 1976 iisque
572 1893 769 1977 improvidis
784 1914 821 1959 se
837 1895 1018 1973 insinuant,
1041 1896 1197 1960 libidines
1211 1895 1304 1960 exci-

195 2000 278 2075 tant,
293 1996 438 2061 castitati
453 1995 617 2060 citissime
632 1997 766 2061 vulnera
780 1996 939 2080 infligunt,
954 2002 988 2061 et
1002 1998 1152 2083 corporis
1166 1996 1304 2082 ingenii·

197 2118 261 2181 que
275 2100 365 2165 vires
379 2099 533 2183 frungrmt
547 2104 581 2163 el
595 2098 790 2165 debilitant!

236 2397 574 2475 Tmrrsroml
594 2396 838 2485 ruricus
859 2398 938 2473 nu
961 2398 1259 2477 Juvenum.
1356 2393 1360 2400 ·
1450 2361 1454 2368 ’

629 2536 874 2551 m

271 2625 320 2693 M.
345 2624 589 2692 VALERIUS
613 2625 884 2691 MARTIALIS
908 2624 1073 2696 EPIGR.
1093 2626 1229 2692 vuffl-

198 2785 283 2853 Guu
299 2788 462 2854 iuvenale
477 2808 551 2853 meo
566 2808 643 2872 quae
658 2806 711 2853 me
725 2786 930 2853 committere
943 2792 1062 2864 tentas,

241 2888 334 2968 Quid
347 2909 410 2955 non
424 2890 564 2955 audebis
578 2888 706 2973 perfide
716 2889 831 2976 lingue
844 2888 964 2972 loquit
978 2895 983 2905 '

709 3038 820 3091 NOTAE

199 3135 360 3185 sesentiens
377 3134 530 3201 sffirmetur,
540 3144 569 3189 st
580 3138 643 3203 ipss
655 3138 728 3191 sode-
770 3136 882 3189 ntsrtsm
894 3136 1000 3202 quidem
1010 3134 1164 3198 lindum,
1178 3140 1209 3186 ut
1217 3135 1303 3201 euplo

197 3211 249 3261 eim
261 3211 348 3261 satire
370 3212 492 3278 clement,
502 3214 568 3264 odeo
590 3215 729 3279 pertimet·
768 3231 798 3267 ss
808 3217 985 3280 exemplorum
995 3214 1125 3267 vsrietste
1134 3213 1304 3279 locupletem,

197 3292 240 3336 ter
248 3286 318 3337 vitiis
337 3286 466 3339 infensum
485 3288 574 3351 fuisse,
586 3298 616 3341 ut
627 3306 683 3341 curu
697 3290 729 3341 iis
768 3293 894 3343 etomnis
909 3292 1041 3343 cesarum
1062 3291 1186 3341 historico
1206 3290 1304 3339 uberri-

196 3364 311 3417 bomines
331 3383 383 3417 uns
407 3368 549 3431 saepissime
573 3366 728 3433 flagellaret.
767 3370 818 3419 mis
843 3370 998 3433 septenariis
1019 3367 1198 3432 complexum
1224 3364 1303 3416 lure·

196 3442 310 3493 Marium
329 3458 392 3494 vero
409 3444 564 3507 Maximum,
580 3445 629 3495 etsi
648 3460 729 3510 opsrs
768 3447 855 3496 ostem
879 3460 942 3497 sero
969 3450 1000 3495 ut
1026 3445 1179 3509 magistrum
1207 3441 1303 3493 reterls

195 3518 341 3587 ejus,‘quae
371 3521 549 3572 verbosissime
575 3528 604 3573 et
625 3523 730 3573 minutis
769 3519 916 3585 discipline
947 3536 979 3570 sc
999 3522 1080 3571 totius
1107 3520 1169 3569 vitu
1185 3519 1303 3566 bnmsnss

195 3596 307 3647 historiis
325 3597 457 3662 implicato
467 3596 547 3649 fruere
567 3598 670 3653 Florius
680 3601 730 3651 Vo·
769 3607 907 3649 censorem
939 3596 1128 3659 prurimimmn,
1153 3594 1181 3643 in
1208 3606 1303 3642 urceus

196 3673 284 3737 piscus
300 3682 426 3741 autumat,
443 3676 634 3743 interciderint,
643 3684 730 3727 tamen
771 3674 827 3739 ipss
844 3685 944 3722 morum
954 3685 1052 3721 summo
1069 3684 1128 3721 cum
1139 3668 1248 3733 imperio
1258 3684 1303 3733 pe·

196 3756 330 3801 strenuum
350 3750 592 3819 risisssbonsrum
617 3753 730 3816 partium
770 3757 928 3800 netrsutess.
971 3748 1103 3798 Summum
1130 3760 1196 3795 roco
1221 3745 1303 3810 tmpe-

196 3832 363 3889 sectatorem
381 3827 517 3879 declarant
535 3829 654 3893 plurimo,
673 3842 730 3894 quse
770 3827 837 3877 rium
858 3825 969 3891 excelsus
985 3822 1082 3873 mentis
1103 3820 1303 3885 sublimemsty·

196 3914 273 3952 exeo
284 3904 457 3969 Lampridius,
474 3904 637 3968 Spartianus,
648 3911 676 3955 et
687 3904 731 3954 ulii
770 3900 834 3963 lum,
850 3915 903 3966 qno
922 3915 951 3951 se
966 3913 1045 3963 supra
1063 3896 1209 3948 mortalium
1231 3897 1303 3947 nobi·

196 3976 311 4027 historie
339 3978 466 4043 Auguste
492 3980 634 4045 scriptores
662 3995 730 4030 com·
769 3978 868 4030 lisslms
877 3976 966 4041 erigit,
976 3983 1003 4025 st
1021 3974 1106 4025 omnis
1124 3972 1169 4024 ills
1179 3979 1303 4039 tonqnsru

196 4052 394 4104 meutsriissuis
413 4055 570 4107 indiderunt.
603 4056 729 4109 utemur
770 4070 910 4122 puerorum
930 4068 1014 4119 pnpss
1037 4060 1065 4103 st
1086 4049 1229 4115 crepundis
1258 4049 1304 4100 ds-

196 4126 382 4193 lgltu1,lrosee
403 4132 466 4181 duos
482 4139 601 4183 suctores
623 4140 653 4184 nt
668 4134 729 4185 eivl-
769 4135 858 4204 spicit,
868 4129 986 4183 utsolius
1002 4128 1106 4180 virtutis
1117 4127 1246 4179 rstioneu
1261 4126 1304 4180 ln-

196 4202 259 4253 lium
267 4204 444 4257 doctrinarum
453 4208 729 4273 compendioquaedsm
770 4211 882 4262 bendum
900 4222 956 4261 esse
967 4204 1171 4259 commonstret?

196 4278 266 4331 illius
277 4282 452 4335 eridelicst'u
462 4284 571 4336 msxims
583 4284 709 4351 placuisse
719 4302 727 4337 r
