3184 4917
162 490 164 495 ¹
268 404 334 475 ‘262
729 409 929 469 axcuasus

268 584 368 651 quern
382 579 451 629 vox
464 564 554 648 gelli,
571 564 726 647 gallinam
740 561 931 640 mordentis,
952 562 986 627 h.
1002 581 1031 625 e.
1057 561 1087 625 sl
1109 560 1263 644 gallinam
1285 580 1373 627 mor·

268 668 343 749 det3
374 660 443 732 turn'
467 668 553 731 enim
579 667 668 731 ultra
691 668 778 732 vires
801 685 925 747 urgere.
946 666 1031 729 solet
1056 682 1174 729 uocem
1199 664 1373 749 acriusque

267 770 444 835 intendere.
489 768 607 833 Possis
622 771 720 833 etiam
735 769 847 852 simpl.
863 767 1088 851 interpretari:
1108 768 1244 830 miratur
1256 786 1373 830 vocem

269 870 391 935 exilem
405 872 457 934 vel
472 888 620 947 raucam,
638 888 713 954 quae
728 889 795 934 non
809 870 917 933 minus
928 870 1057 952 ingrata
1071 873 1133 945 est,
1145 886 1187 931 ac
1196 885 1265 933 vox
1279 867 1373 948 galli-

267 974 373 1037 nacei.
417 970 504 1035 Tum
518 972 638 1049 verbis,
656 964 799 1049 maiitus,
814 970 876 1050 eui,
890 972 945 1035 vel
959 992 980 1034 a
993 992 1054 1056 quo
1066 968 1192 1056 gallina
1205 968 1372 1045 mordear,

269 1074 474 1158 periphrasis
490 1074 704 1139 contineretur
724 1074 815 1155 galli,
830 1077 868 1138 ut
889 1092 1064 1155 caprarum
1088 1071 1199 1136 verbis
1226 1068 1373 1148 Horatii,

268 1174 377 1239 olentis
403 1196 510 1239 uxores
538 1174 659 1252 mariti,
686 1173 751 1237 Od.
782 1192 807 1239 ι.
831 1175 884 1240 17.
907 1175 939 1237 7.
963 1175 1022 1237 ubi
1044 1194 1079 1239 v.
1100 1172 1192 1249 Jani,
1217 1172 1275 1255 qui
1298 1170 1373 1235 ooli.

252 1276 409 1342 ’Theona
427 1293 480 1339 rx.
496 1277 549 1340 49.
574 1274 671 1357 Virg.
692 1273 764 1340 Ecl.
788 1277 953 1339 v11.7.et
978 1273 1041 1339 Ge.
1068 1290 1125 1338 ιιι.
1150 1273 1225 1337 125.
1251 1276 1372 1350 monet,

267 1379 352 1459 hane
367 1378 573 1462 periphrasin
584 1396 650 1441 non
664 1377 828 1458 languere,
854 1375 913 1439 sed
933 1376 1134 1459 exquisitam
1155 1392 1204 1450 ac⁴
1220 1374 1373 1439 tesu‘vam

268 1500 353 1558 esse,
368 1500 444 1563 quae
466 1480 604 1543 latinum
628 1497 809 1544 sermonem
834 1476 1005 1563 politicum
1026 1476 1164 1541 mirifice
1190 1475 1318 1553 deceat,
1338 1477 1373 1539 in

269 1581 336 1645 alio
356 1586 477 1659 autem,
495 1580 681 1665 nostrisque
710 1581 923 1665 temporibus,
945 1580 1053 1644 minus
1077 1581 1193 1663 gratiae
1220 1578 1375 1643 habitura

269 1684 322 1748 sit.
366 1682 433 1748 Illa
446 1688 556 1747 tamen
572 1683 657 1747 ratio
681 1682 758 1747 huie
781 1682 997 1748 anteferenda.
1036 1682 1188 1746 Ceterum
1207 1681 1290 1743 bene
1303 1679 1335 1742 lr.
1349 1678 1374 1742 l.

268 1794 479 1871 comparatur
503 1786 598 1851 locus
624 1784 764 1865 Quintil.
791 1784 874 1849 [nst.
901 1800 956 1848 ιιι.
979 1786 1011 1848 3.
1043 1783 1149 1846 ‘Vox
1174 1782 1262 1846 ultra
1286 1782 1375 1846 vires

267 1886 411 1971 urgenda
435 1907 500 1951 non
527 1894 594 1952 est:
626 1907 702 1952 nam
726 1892 760 1953 et
782 1886 946 1951 suffocata
974 1904 1070 1968 saepe
1093 1888 1127 1948 et
1149 1886 1276 1969 majore
1294 1884 1376 1947 nisu

268 1989 376 2053 minus
397 1989 489 2053 clara
511 1995 574 2067 est,
598 1994 632 2053 et
653 1989 779 2054 interim
802 1988 886 2052 elisa
906 1989 942 2051 in
966 1988 1061 2051 illum
1084 2006 1201 2053 sonum
1217 1986 1374 2068 enrmpit,

270 2092 325 2155 cni
340 2090 454 2156 Graeci
468 2092 604 2174 κλωγμόν
618 2110 736 2157 nomen
750 2112 772 2156 a
786 2086 951 2175 gallorum
962 2092 1010 2175 [et
1023 2088 1245 2175 graculorum]
1260 2090 1376 2153 imma·

268 2196 341 2257 turo
356 2197 458 2275 cantu
472 2192 654 2259 dederunt?

313 2296 472 2375 Platlrner
493 2296 567 2361 haec
590 2298 779 2363 annotavit:
805 2295 1025 2371 ‘Abstrusius
1049 2297 1131 2381 quid
1156 2295 1293 2380 potam
1314 2314 1375 2360 no·

268 2404 369 2475 tasse,
383 2398 598 2463 fidentissime
612 2400 673 2463 tibi
686 2405 824 2482 praesto.
869 2400 996 2465 Notum
1017 2405 1079 2478 est,
1104 2399 1251 2484 Cybeles·
1267 2416 1376 2463 sacer-

269 2497 364 2563 dotes
381 2496 493 2562 Gallos
507 2501 633 2564 vocari.
669 2498 751 2564 Erat
765 2506 877 2565 autem
893 2500 957 2565 hoc
972 2500 1141 2565 hominnm
1158 2518 1262 2582 genus
1275 2499 1376 2564 lasci·

268 2620 358 2678 vum,
373 2606 408 2665 et
421 2606 548 2667 autum
570 2619 638 2665 non
664 2603 702 2677 in¹
720 2604 804 2687 ipsis
828 2604 962 2687 templis
988 2602 1161 2667 muliebria
1179 2603 1375 2687 patiebatur.

269 2702 338 2767 Sed
353 2704 500 2789 plerique
513 2706 612 2769 etiam
626 2704 799 2771 testiculos
823 2706 990 2790 ponebant
1006 2704 1154 2782 bilibres,
1177 2702 1226 2789 (v.
1248 2703 1306 2769 int.
1325 2720 1375 2769 vt.

268 2805 343 2873 371.
368 2804 461 2891 sqq.)
483 2812 516 2872 et
539 2807 678 2874 lascivae
707 2808 862 2873 mulieres
885 2828 1000 2874 eorum
1025 2806 1205 2872 concubitu
1227 2806 1375 2873 maximo

269 2906 528 2987 delectabantur,
554 2910 647 2993 quod
672 2929 738 2975 non
761 2910 948 2995 gignebant
974 2914 1019 2989 (u.
1043 2908 1101 2975 ini.
1126 2924 1177 2973 vr.
1196 2908 1271 2973 dtid.
1287 2911 1376 2990 sqq.)

269 3006 470 3074 Alterutrum
486 3009 611 3075 Noster
625 3014 742 3095 tetigit,
757 3014 865 3095 tetigit
877 3018 996 3078 tamen
1043 3012 1135 3076 Nam
1154 3010 1257 3096 priori
1276 3009 1375 3074 modo

270 3110 403 3173 satirice
415 3108 569 3194 gallinam
583 3120 683 3180 vocat
696 3114 850 3194 Gallum3
870 3112 1045 3196 posteriori
1060 3130 1151 3188 vero,
1167 3111 1257 3195 quod
1266 3112 1376 3194 magis

270 3208 413 3286 videtur,
440 3209 564 3294 gallina
587 3215 648 3277 erit
671 3213 829 3292 adultera,
852 3232 1025 3297 quaecum
1048 3210 1211 3295 Cybelico
1235 3212 1376 3279 solebat

270 3305 363 3373 Nam
385 3314 419 3373 et
441 3308 550 3375 Gallis
575 3312 650 3376 istis
673 3331 744 3377 vox
766 3314 887 3394 exilis3
909 3316 955 3392 (v.
971 3332 1046 3397 sup.
1063 3330 1103 3378 ιι.
1126 3313 1213 3391 111.)
1229 3330 1328 3400 porro
1342 3319 1378 3379 et

269 3407 431 3474 mordendi
453 3414 591 3478 verbum
614 3416 664 3479 sic
692 3416 918 3497 aptissimum:
939 3420 1027 3482 notae
1045 3417 1171 3501 quippe
1195 3416 1377 3481 amantium

269 3511 476 3578 blandientes
497 3516 729 3581 morsiunculae
747 3537 791 3583 ex
812 3516 913 3603 Prop.
930 3535 980 3585 lv.
995 3520 1028 3584 8.
1042 3519 1096 3585 25.
1111 3522 1143 3583 b.
1158 3518 1212 3585 39.
1227 3521 1262 3581 et
1276 3516 1376 3585 ovid

271 3610 348 3679 Am.
365 3631 388 3679 1.
404 3614 437 3680 8.
453 3614 518 3682 98!
553 3614 606 3682 Of.
626 3616 707 3683 Jani
731 3618 775 3683 ad
802 3619 924 3687 Horat.
949 3620 1014 3687 Od.
1035 3638 1059 3687 ι.
1081 3622 1134 3686 ltt.
1149 3620 1202 3686 12.
1247 3618 1376 3685 Vereor

271 3719 392 3794 tamen,
415 3736 455 3781 ne
480 3717 590 3802 podtoe
613 3719 663 3783 sic
688 3718 915 3801 obtrudantur,
929 3742 1006 3806 quae
1026 3722 1175 3806 ipsium
1188 3723 1375 3788 inurentem

270 3834 405 3899 renere;
428 3820 491 3883 etsi
505 3820 674 3902 ingeniosa
692 3826 779 3886 certe
798 3822 872 3888 haec
892 3824 1089 3891 ridebuntur
1106 3824 1162 3901 iis,
1186 3824 1309 3907 quibus
1326 3824 1376 3889 lu·

270 3918 374 4004 hetin
388 3920 510 3986 talibus
525 3922 654 4005 ingenio
669 3922 847 4007 indulgere.
