3184 4917
591 479 643 528 sn
666 478 747 529 sen.
771 481 812 531 ns
1187 466 1252 533 211

145 632 215 692 tem
228 621 385 709 loquendi
404 624 555 704 sormam,
577 626 738 692 stlocum
758 624 932 710 Aristopn.
954 624 996 689 de
1011 624 1119 691 Rnnis
1132 623 1210 692 Act.
1226 642 1253 690 1.

146 728 203 795 Sc.
223 729 255 792 4.
276 728 335 793 ubi
349 725 493 805 Charon,
517 728 562 793 ad
580 748 705 795 remum
724 728 886 813 egendum
899 728 1050 793 excitans
1070 730 1251 808 Bacchum,

146 829 366 896 suavissimos
396 828 479 893 dicit
503 831 546 895 ab
573 850 614 895 eo
639 830 788 897 auditum
814 831 857 894 iri
884 848 1039 895 ranarum
1065 837 1191 909 centus
1221 833 1252 896 si

146 950 236 997 remo
251 930 465 996 incumberet.
509 930 576 995 Sed
589 938 705 997 nostre
725 932 871 996 omnium
888 931 957 995 fere
977 931 1134 996 librorum
1153 932 1252 997 lectio

146 1054 210 1101 non
224 1034 354 1100 videtur
382 1032 593 1112 solicitende,
615 1054 722 1118 eaque
735 1052 889 1099 numerus
906 1054 1015 1099 rerum
1028 1033 1252 1131 fabulosarnm

147 1142 295 1219 augetur.

189 1236 253 1303 Vs.
270 1236 345 1303 153.
365 1256 441 1321 sqq.
466 1236 559 1301 Olim
582 1238 789 1322 suspicabar,
812 1236 947 1323 potitam
971 1237 1164 1321 scripsisse:
1189 1232 1254 1299 Sed

147 1349 181 1402 tu
196 1334 247 1404 vel
258 1349 380 1422 reputa,
407 1335 521 1403 Curius
546 1338 623 1426 quid
647 1340 771 1421 sentiet,
794 1338 884 1404 ambo
910 1336 1064 1423 Scipiades
1076 1335 1163 1423 quid,
1189 1334 1252 1401 Fa·

148 1438 262 1504 bricius
276 1460 436 1527 manesque
451 1436 593 1518 Camilli,
619 1437 871 1518 Quid-anima,
895 1440 1010 1527 quoties
1031 1438 1103 1502 hinc
1120 1436 1195 1501 telis
1209 1436 1253 1503 nd

145 1537 217 1605 illos
236 1536 354 1605 Umbra
368 1536 475 1605 venit?
516 1540 605 1607 Tum
624 1544 785 1607 sententia
809 1543 843 1607 h.
857 1542 881 1609 1.
896 1548 965 1607 est:
989 1540 1099 1606 Nemo
1119 1522 1251 1625 qnidem

144 1642 244 1709 hodie
266 1646 385 1729 praeter
407 1642 549 1708 inientes
572 1640 689 1720 eredit,
712 1640 835 1709 Manes
859 1663 900 1708 nc
923 1642 1043 1707 inferos
1067 1663 1160 1707 esse:
1193 1642 1251 1705 sed

146 1764 209 1811 vos
221 1763 364 1829 quoque,
387 1749 501 1831 turpes
514 1750 547 1811 et
559 1744 752 1811 effoeminati
766 1744 929 1820 homines,
948 1747 1107 1827 reputate,
1122 1762 1250 1826 quaeso,

147 1847 179 1911 si
200 1864 281 1911 vera
303 1852 423 1923 essent,
454 1864 531 1930 quae
555 1845 642 1911 salsa
666 1846 764 1910 vobis
788 1851 822 1909 et
843 1846 957 1909 inania
979 1844 1142 1921 videntur,
1171 1842 1254 1928 quid

146 1948 313 2025 sentirent,
338 1966 422 2032 qnos
436 1948 539 2013 enimi
554 1964 669 2012 sensns
690 1946 900 2031 conciperent
923 1944 1187 2029 praestantissimi
1201 1943 1250 2008 ilii

142 2044 221 2128 'viri,
237 2048 393 2115 virtutum
406 2050 621 2136 exemplaria,
636 2048 663 2112 si
678 2045 752 2113 talis
762 2048 872 2111 umbra
888 2046 958 2111 hinc
973 2045 1016 2111 nd
1029 2044 1098 2111 illos
1112 2046 1251 2110 veniret?

147 2152 195 2218 At
214 2170 314 2230 nunc,
336 2172 372 2217 re
396 2152 548 2218 solertius
566 2170 740 2237 perpensa,
761 2150 835 2218 vidi
858 2148 949 2216 nulla
969 2149 1122 2216 lectionis
1144 2154 1249 2216 muta·

147 2256 235 2321 tione
248 2272 336 2340 epus
348 2274 435 2321 esse.
