3184 4917
631 428 841 483 ramulum.
1245 420 1292 488 13

185 582 230 653 ad
242 602 357 651 veram
369 584 556 663 lectionem,
573 585 671 669 cujus
693 586 839 665 vestigia
852 584 887 650 in
908 586 952 651 iis
971 586 1086 669 latent,
1100 588 1155 656 vel
1176 610 1293 657 ernen-

185 690 265 754 dem
279 690 332 753 vel
347 687 617 753 confirmandam.
666 688 823 771 Denique
855 704 907 767 ea,
933 710 1034 773 quam
1057 698 1192 757 secutus
1206 712 1291 774 sum,

184 792 321 869 ratione,
349 791 548 855 brevissime
583 792 712 857 scilicet
739 792 907 857 notatione
936 794 1100 873 codicum,
1124 816 1208 879 quos
1227 812 1294 861 non

185 894 286 959 modo
301 895 473 976 designavi
492 896 647 974 numeris,
669 896 726 959 sed
749 897 860 974 etiam,
881 898 1012 979 quoties
1036 897 1156 981 plures,
1180 898 1294 962 ordine

186 1016 224 1063 se
237 999 457 1080 excipientes,
471 1018 505 1063 v.
522 1018 552 1063 c.
562 999 676 1081 viginti
689 998 826 1082 priores,
837 1000 920 1063 inter
934 1020 971 1063 se
985 1003 1218 1085 congruebant,
1229 1001 1294 1065 hac

185 1104 264 1165 nota
301 1101 391 1165 1-20.
442 1098 591 1179 laudavi,
637 1098 764 1165 efficere
804 1109 965 1185 poteram,
1003 1106 1042 1168 ut
1078 1123 1184 1167 rerum
1210 1103 1294 1167 forte

186 1203 353 1269 inutilium
374 1202 462 1267 mole
485 1223 603 1285 paucae
625 1208 751 1273 tanum
773 1205 1014 1289 complerentur
1034 1204 1195 1289 plagulae.
1240 1204 1297 1270 Ita

187 1307 364 1389 sperabam
378 1305 460 1383 fore,
476 1311 512 1370 ut
532 1325 598 1370 non
618 1306 719 1372 modo
739 1307 865 1385 multis,
889 1309 946 1392 qui
968 1328 1096 1372 omnem
1117 1309 1296 1371 lectionum

186 1407 382 1471 varietatem
415 1414 573 1491 cuperent
602 1414 779 1486 enotatam,
815 1412 897 1474 satis
924 1408 1076 1489 lacerem,
1099 1409 1158 1473 sed
1188 1408 1296 1473 abiis

187 1510 464 1593 quoque,quibus
483 1530 603 1592 magna
628 1512 752 1575 criticae
776 1514 894 1595 sylvae,
916 1532 1002 1576 ame
1025 1519 1205 1594 congestae,
1217 1528 1297 1592 pars

188 1608 271 1673 nulli
293 1611 393 1693 plane
414 1612 491 1675 usui
514 1632 589 1676 esse
612 1614 784 1690 videretur,
808 1616 940 1679 veniam
961 1616 1184 1697 impetrarem,
1207 1609 1298 1695 quod

188 1711 268 1775 buic
283 1714 435 1794 periturae
454 1730 519 1775 non
541 1711 765 1795 pepercissem
778 1714 919 1791 chartae,
941 1720 1044 1791 utque
1058 1714 1142 1774 adeo
1158 1714 1298 1775 aliorum

179 1814 329 1896 'gratiam
344 1812 514 1894 diligentia
534 1817 567 1876 et
590 1812 712 1890 studio,
735 1812 874 1877 aliorum
887 1832 966 1876 vero
988 1830 1117 1875 summa
1137 1813 1298 1877 brevitate

189 1914 273 1979 mihi
287 1914 508 1978 conciliarem.

236 2015 278 2080 ln
302 2014 455 2079 codicum
479 2014 566 2079 Mss.
589 2020 623 2079 et
644 2013 824 2078 editionum
844 2015 956 2078 indice
976 2034 1030 2081 me
1051 2016 1134 2079 viris
1160 2015 1299 2081 eruditis

192 2116 328 2181 minime
343 2114 426 2179 satis
441 2114 571 2193 fecisse,
583 2116 683 2180 facile
698 2114 880 2198 praevideo.
925 2114 1129 2180 Accuratum
1151 2118 1300 2198 plenum-

110 2228 117 2245 *
193 2238 259 2303 que
280 2216 442 2304 ejusmodi
464 2237 632 2282 recensum
668 2218 829 2281 conficere
852 2217 1065 2280 utilissimum
1087 2211 1221 2299 quidem
1250 2222 1302 2280 est

193 2320 228 2383 iu
249 2340 292 2384 re
318 2320 444 2397 critica,
468 2317 527 2383 sed
557 2316 786 2383 difficillimum
816 2337 950 2401 quoque
972 2336 1013 2382 ac
1034 2318 1127 2383 taedii
1149 2319 1302 2402 plenissi-

193 2442 296 2502 mum,
312 2424 345 2485 in
366 2422 482 2506 primis
503 2422 537 2485 in
563 2421 586 2485 J
589 2420 737 2485 urenale.
783 2419 874 2483 Nam
894 2440 960 2484 non
983 2420 1057 2503 ipse
1079 2419 1179 2483 modo
1198 2419 1302 2502 poeta

193 2525 373 2590 innumeris
393 2524 429 2587 in
451 2522 659 2600 membranis,
683 2541 760 2605 quae
782 2520 911 2605 passim
932 2522 967 2583 in
990 2520 1212 2597 bibliothecis
1233 2526 1301 2587 tam

195 2626 341 2709 publicis
364 2645 467 2707 quam
487 2624 640 2709 privatis,
667 2628 849 2699 servantur,
877 2620 1074 2703 descriptae,
1099 2625 1133 2684 et
1164 2642 1185 2684 a
1207 2626 1303 2704 typo-

194 2728 365 2813 graphice
390 2727 466 2789 inde
487 2727 566 2789 artis
598 2724 786 2807 primordiis
809 2722 930 2806 quovis
958 2723 1025 2785 fere
1048 2740 1144 2799 anno,
1167 2728 1200 2785 et
1220 2741 1302 2785 non·

194 2848 363 2914 nunquam
382 2830 436 2893 bis
451 2834 553 2906 terre,
564 2830 652 2911 typis
668 2845 847 2909 expressus
861 2830 930 2889 est:
954 2824 1014 2885 sed
1035 2821 1181 2885 nondum
1202 2820 1303 2885 etiam

196 2930 360 2998 editorum
382 2931 559 3013 quisquam
580 2929 645 2993 hoc
671 2929 704 2990 in
727 2947 763 2989 se
785 2926 911 2990 laboris
935 2922 1145 3003 suscepitur
1169 2922 1242 2985 sive
1262 2920 1303 2985 de

197 3034 354 3100 codicum
374 3032 509 3109 Mss.,a
530 3050 566 3093 se
592 3031 666 3112 ipso
687 3028 742 3091 vel
767 3026 810 3090 ab
830 3024 906 3088 aliis
930 3023 1132 3098 collatorum,
1151 3024 1304 3105 quamvis

198 3154 394 3220 paucorum,
409 3134 516 3218 pretio
539 3132 638 3215 atque
654 3136 750 3195 aetate
766 3128 929 3214 judicium
949 3124 1069 3189 subtile
1083 3125 1191 3200 ferret,
1206 3130 1238 3187 et
1250 3124 1305 3189 vel

199 3257 324 3303 exano
339 3257 468 3302 omnem
489 3235 668 3299 lectionum
683 3232 874 3295 varietatem
890 3232 1034 3305 notaret3
1057 3228 1128 3288 sive
1143 3225 1305 3291 editiones

200 3340 245 3405 ad
267 3360 346 3405 usus
368 3340 501 3403 criticos
521 3343 596 3419 apte
616 3334 827 3411 describeret,
848 3333 1005 3395 accurata
1030 3328 1186 3403 omnium,
1217 3331 1306 3391 certe

198 3440 408 3523 antiquarum
422 3440 695 3521 optimatumque,
708 3432 956 3516 comparatione
972 3428 1132 3504 instituta,
1143 3428 1177 3489 in
1191 3445 1306 3490 comm

200 3542 333 3608 ordines
363 3546 397 3604 et
425 3540 563 3615 classes,
596 3543 769 3600 stemmata
803 3542 836 3598 et
863 3533 1088 3614 cognationes,
1125 3531 1245 3610 stirpes
1273 3533 1308 3591 et

200 3641 347 3711 familias
361 3642 414 3706 vel
437 3639 637 3723 propagines
652 3637 785 3700 solerter
808 3634 995 3716 inquireret,
1018 3630 1200 3712 quantique
1221 3626 1306 3690 adeo

202 3748 331 3832 quaevis
347 3744 552 3819 aestimanda,
565 3740 685 3826 quidve
699 3760 743 3803 ex
759 3760 800 3802 ea
813 3738 868 3801 vel
883 3736 927 3800 ad
942 3734 1054 3807 crisin,
1070 3732 1124 3793 vel
1148 3729 1191 3793 ad
1206 3731 1307 3794 inter-

201 3848 422 3935 pretationem
434 3844 583 3929 praesidii
596 3838 845 3925 expectandum
859 3838 903 3899 sit
918 3844 950 3897 et
963 3831 1153 3916 petendum,
1168 3830 1309 3913 diligen·

202 3955 255 4015 ter
267 3950 492 4013 examinaret:
515 3954 615 4030 utque
629 3946 677 4008 ita
687 3948 799 4006 textus
811 3948 844 4004 et
862 3938 1010 4001 lectionis
1024 3936 1168 4017 vulgatae
1180 3933 1309 4015 justam

203 4068 308 4135 prope
320 4050 505 4125 historiam,
522 4053 585 4129 atq
601 4070 630 4123 e,
647 4053 682 4109 ut
703 4046 751 4108 ita
766 4044 890 4118 dicam,
905 4036 1131 4122 genealogiam
1154 4036 1307 4108 necteret,

205 4156 264 4217 eut
276 4172 321 4216 ex
334 4173 399 4236 quo
414 4151 502 4216 fonte
523 4170 564 4214 ea
578 4150 689 4224 ducta,
706 4162 881 4230 quousque
902 4156 1079 4225 progressa
1099 4140 1309 4217 essetquan·

205 4254 320 4342 doque
342 4274 476 4321 cursum
499 4254 669 4327 mutasset,
683 4247 954 4334 perscrutaretur.
998 4239 1113 4323 Opera
1136 4236 1308 4313 editorum,¹
