3184 4917
490 402 656 502 'rursm
680 440 726 491 nr
748 442 973 493 surnarnrs
1234 403 1299 501 ua

195 578 417 671 queju'cnnde
432 580 614 667 ageridam,
638 592 671 650 et
698 586 741 651 ad
763 584 907 652 amorem
927 589 1058 655 virtutis
1077 590 1299 682 vitiorumque

199 682 311 753 odium
325 682 520 771 gignendum
534 690 779 772 pertinentibus,
793 691 922 758 reiertae
936 699 1013 758 sunt
1034 700 1102 761 him
1124 698 1301 781 poetarum

199 788 330 855 illorum
345 784 469 868 satirae,
484 796 553 855 tum
569 791 705 859 Horatii
716 795 929 878 potissimum
942 795 1105 881 epistolae,
1113 805 1302 871 maturioris

200 892 321 973 ἰιιςοιιίι
311 891 446 958 i'rnars.
491 888 617 958 Omnes
631 895 705 960 istae
721 902 791 960 tum
805 897 953 978 veritate,
975 906 1045 965 trrm
1061 907 1256 985 praestantia
1268 912 1303 973 et

201 986 341 1059 utilitate
355 1014 457 1079 quam
469 997 616 1061 maxime
630 1016 667 1061 se
691 1000 931 1065 commendant
976 1000 1176 1070 Horatiauae
1191 1014 1302 1073 amen

200 1088 342 1159 damnali
367 1097 510 1179 quadam
529 1098 754 1183 simplicitate,
777 1098 946 1167 Persianae
960 1105 1078 1187 rigore,
1092 1110 1255 1187 acumine,
1270 1116 1305 1175 et

202 1198 392 1276 subtilitate,
410 1204 453 1277 et,
469 1218 554 1284 quas
577 1199 600 1263 J
603 1203 752 1268 uvenalis
776 1205 889 1283 tradit,
904 1207 1066 1289 gravitate
1077 1210 1239 1274 orationis
1256 1212 1305 1275 in·

201 1294 395 1383 siguiuntur.
441 1300 594 1367 Getarum
622 1310 756 1387 propter
781 1304 897 1370 horum
920 1310 1093 1393 praecipue
1115 1317 1306 1397 praecepto·

200 1418 273 1465 rum
286 1402 523 1473 multitudinem
539 1410 574 1468 et
584 1406 811 1487 praestantiam
826 1409 1035 1475 satiricorum
1049 1410 1222 1495 po'dtamm
1236 1416 1306 1481 lec-

201 1505 324 1571 tionem
334 1506 542 1570 utilissimam
557 1524 643 1583 esse,
658 1507 720 1569 vix
730 1514 782 1571 est
796 1506 886 1591 qnod
900 1528 1061 1576 moneam
1090 1512 1144 1577 Ea
1154 1516 1304 1598 prolecto

201 1626 224 1671 a
250 1605 361 1691 potitis
389 1607 625 1691 comprehensa
647 1606 801 1672 versibus
826 1610 932 1675 multo
956 1614 1063 1694 mans
1086 1620 1120 1678 et
1147 1619 1308 1686 tenebunt

201 1705 477 1793 delectabuntque
489 1710 650 1775 lectorum
665 1708 806 1788 animoa,
825 1717 860 1775 et
879 1711 1002 1777 tinans
1016 1715 1051 1776 in
1064 1719 1224 1782 memorio
1237 1720 1306 1785 hae·

201 1812 327 1891 rehunt,
342 1832 442 1896 quam
456 1814 485 1876 si
495 1804 537 1876 ea
550 1832 594 1876 ex
616 1812 727 1877 ethico
738 1812 836 1891 libro,
851 1814 905 1877 rel
918 1816 1062 1879 tenuiter
1075 1818 1129 1881 vel
1144 1819 1306 1887 subtiliter

200 1914 338 1997 scripto,
353 1916 572 1999 perceperint,
595 1920 654 1981 aut
666 1936 795 1981 morum
808 1922 1047 2001 praeceptorem
1068 1938 1109 1984 ea
1134 1920 1307 1987 decentem

201 2020 236 2079 et
247 2016 468 2098 explicantem
483 2016 678 2083 audiverint.
724 2018 805 2083 Dici
819 2029 928 2083 autem
946 2021 1007 2087 vix
1025 2027 1146 2105 potest,
1169 2028 1310 2106 quanto-

200 2134 281 2200 pere
305 2118 382 2195 illis,
395 2121 561 2183 memoriae
584 2118 698 2183 infixis
717 2124 751 2184 et
774 2120 970 2203 tempestive
990 2122 1025 2186 in
1039 2142 1114 2186 eam
1128 2106 1307 2203 revocatis,

200 2239 295 2285 mens
309 2221 365 2285 vel
377 2221 465 2285 curis
480 2223 633 2286 confecta
646 2220 868 2298 confirmetur,
884 2222 965 2289 vel
955 2240 1006 2285 tra
1026 2222 1168 2373 aliisque
1183 2223 1309 2291 affecti·

202 2324 269 2389 bus
283 2324 417 2389 turbata
430 2324 644 2391 contineatur.

248 2424 304 2489 Ex
314 2427 378 2504 bis,
394 2444 471 2509 qaae
486 2445 588 2509 supra
602 2426 643 2490 de
658 2424 805 2505 Horatii,
819 2424 942 2503 Persii,
956 2432 991 2490 et
1009 2363 1184 2492 luvenalis
1198 2428 1309 2494 satiris

202 2535 380 2613 earumque
394 2528 573 2593 sumtibus
592 2527 846 2613 disputavimus,
865 2527 965 2593 facile
985 2529 1184 2613 intelligitur,
1206 2532 1310 2615 pluri·

156 2646 159 2651 ·
203 2650 295 2695 mum
311 2632 460 2697 utilitatis
475 2651 518 2696 ex
533 2650 645 2695 earnm
663 2630 807 2695 lectione
822 2631 950 2715 percipi
964 2651 1076 2714 posse,
1091 2650 1230 2717 eamque
1244 2652 1311 2699 nou

203 2732 365 2797 modoad
387 2734 553 2814 ingenium
576 2732 754 2815 multiplici
777 2730 925 2797 doctrina
945 2734 1179 2818 variarumque
1202 2754 1311 2801 rerum

206 2836 391 2917 cognitione
418 2833 648 2911 excolendum,
685 2839 719 2898 et
746 2826 894 2911 mollius,
924 2835 1073 2912 suavius,
1102 2835 1310 2919 facetiusque

204 2934 418 3015 reddendum,
434 2932 652 3023 adjudicium
666 2934 865 3011 acuendum,
880 2933 1067 2997 adsensum
1076 2936 1157 3013 veri,
1169 2934 1311 3019 pulchri,

205 3042 346 3117 venusti,
362 3044 396 3103 et
408 3038 538 3103 honesti
552 3035 717 3115 alardum,
730 3036 772 3099 ad
789 3041 931 3101 menum
948 3036 1164 3103 admiratione
1190 3058 1230 3104 ac
1251 3058 1311 3105 vo-

205 3145 332 3227 luptate
360 3140 629 3227 persuadendam,
659 3138 701 3203 ad
730 3160 840 3205 mores
867 3146 937 3204 tam
967 3138 1194 3209 Romanorum
1220 3140 1312 3207 illius

206 3244 286 3323 tevi,
310 3264 413 3331 quam
440 3244 591 3309 universe
617 3242 787 3311 homiuum
817 3242 948 3327 penitus
978 3244 1238 3327 cognoscendos,
1268 3244 1314 3309 ad

205 3350 381 3412 venustam
394 3344 625 3423 urbanitatem,
640 3344 825 3409 naturalem
837 3346 1096 3429 simmicitatem,
1106 3346 1313 3427 gravitatem,

205 3446 353 3531 aliasque
364 3446 606 3514 eiurationiset
615 3446 693 3511 vitae
703 3449 789 3510 artes
803 3444 990 3523 discendas,
1006 3446 1050 3511 ad
1064 3446 1231 3512 diversam
1245 3464 1314 3510 ser·

206 3552 314 3616 monis
333 3548 476 3617 indolem
488 3549 748 3636 percipiendam,
759 3533 927 3615 sedetiam
941 3551 984 3615 ad
993 3570 1104 3615 mores
1118 3552 1314 3635 animosque

190 3651 390 3737 'tingendos
405 3651 450 3717 ad
463 3670 576 3717 veram
587 3651 769 3735 utilemque
782 3650 1028 3736 philosophiam
1040 3652 1133 3729 ritae,
1147 3651 1314 3734 hujusque

208 3754 305 3833 bene,
321 3755 479 3831 suaviter,
495 3753 680 3836 tranquille,
705 3772 821 3817 secure
845 3753 1066 3836 transigendae
1087 3758 1196 3817 artem
1218 3752 1316 3816 imbi-

208 3856 362 3935 bendam,
375 3863 408 3921 et
422 3854 467 3920 ad
482 3874 628 3921 amorem
650 3856 808 3919 virtutrm
831 3854 1009 3937 odiumque
1031 3854 1199 3934 vitiorum,
1222 3874 1317 3939 argu-

207 3960 329 4025 mentis
342 3960 573 4045 exemplisque
598 3956 792 4043 propositis,
817 3955 1050 4040 inspirandum
1072 3962 1106 4022 et
1127 3957 1317 4040 concipien-

209 4061 300 4140 dum,
314 4062 497 4126 maximam
511 4060 644 4127 omnino
658 4060 727 4125 vim
740 4060 873 4131 habere.
919 4058 1036 4123 Satine
1059 4060 1175 4124 horum
1198 4058 1317 4143 potita·

208 4184 294 4243 rum,
322 4168 367 4227 et·
385 4161 521 4228 Horatii
542 4162 751 4247 potissimum
775 4160 941 4245 epistolae,
969 4160 1195 4245 pulcherrimis
1218 4163 1317 4242 loeis,

210 4265 390 4344 sententiis,
419 4266 629 4347 imaginibus,
659 4270 693 4331 et
714 4262 1004 4351 descriptionibus,
1033 4264 1317 4349 praestantissimis

276 4384 367 4451 Delplt.
377 4386 401 4436 et
416 4382 474 4435 Ver.
488 4383 553 4433 Clas.
778 4382 838 4433 ὄιν.
1227 4380 1255 4432 H
