3184 4917
275 377 342 445 tol
654 394 688 441 o.
711 391 818 441 Juurr
840 390 1053 441 tuvruaurs

276 538 321 604 Et
333 545 456 624 quanto
472 540 573 620 galeae
589 542 743 603 curvetur
756 535 913 619 pondere,
935 539 1060 619 quauta

277 641 467 725 Poplitibus
482 640 606 717 sedeat,
623 659 723 723 quam
736 639 840 702 denso
854 637 962 701 fascia
975 638 1072 714 libro,

278 742 322 807 Et
335 742 414 819 ride,
431 741 603 825 scaphium
618 742 737 822 positis
752 759 829 802 cum
844 739 985 803 sumitur
1000 740 1114 803 armis.

277 844 389 909 Dioite
400 863 461 907 vos
476 849 590 927 neptes
606 843 737 927 Lepidi,
754 843 882 907 caecive
898 842 1037 918 Metelli,
1317 838 1385 904 265

278 944 428 1026 Gurgitis
444 951 501 1008 aut
514 945 622 1023 Fabii,
639 966 714 1029 quae
730 946 823 1009 ludia
836 945 990 1008 sumserit
1003 962 1154 1026 uuquam

278 1148 330 1192 tute
337 1144 484 1193 incurvetur:
500 1152 588 1208 quoato
595 1146 694 1207 gentibue
703 1146 813 1195 iueirlw
823 1160 892 1207 qaum
901 1141 1060 1207 rpiaaosoact'o
1067 1139 1197 1189 ooiaata'ae:
1213 1143 1283 1201 etque
1294 1136 1388 1186 ructio⁸

277 1222 343 1268 aure,
354 1211 446 1271 quando
460 1210 533 1258 ormb
543 1212 656 1273 depositio
666 1212 785 1275 scaptium
794 1210 917 1273 accipitur.
953 1209 1075 1255 Emmte
1082 1220 1131 1267 aot,
1141 1222 1155 1252 o
1165 1208 1245 1266 aepter
1260 1202 1345 1265 Lepidi
1359 1216 1388 1249 ue

278 1273 372 1322 Metelli
382 1273 598 1337 pretitulatum
616 1275 686 1325 Fubii
699 1275 821 1337 Gurgitie,
835 1290 886 1337 qaue
900 1272 973 1322 naimo
991 1287 1031 1321 eoa
1049 1285 1152 1334 maara
1169 1273 1245 1317 oeatee
1261 1264 1389 1317 induerit!

279 1517 318 1563 68.
338 1518 461 1565 66.-962
477 1521 689 1579 quoalo...caretor
705 1531 805 1565 errores
817 1531 953 1580 operarum
970 1516 997 1565 in
1017 1515 1079 1565 edil.
1098 1512 1213 1562 Reunia.
1225 1524 1287 1574 quoa
1300 1515 1387 1558 tameo

187 1587 194 1594 ·
278 1577 393 1629 fideliler
411 1589 595 1642 expresserunt
612 1582 728 1631 editores
748 1580 1125 1643 Mentem.-aoa.l²0ptlctlu
1144 1578 1310 1626 toea-tot
1333 1588 1386 1622 ere·

275 1644 359 1703 pilium
366 1646 451 1707 peritia
460 1660 506 1707 pro
516 1646 726 1709 poaitiaamltiera
738 1646 1195 1697 97.6666.64.66.68.61-69.71·74.
1206 1652 1271 1705 quoa
1282 1645 1387 1687 secutae

279 1713 425 1758 aum—266
442 1712 541 1773 roeeiqae
553 1715 592 1759 lli.
604 1715 644 1761 19.
657 1715 697 1759 24.
711 1715 752 1759 85.
768 1710 852 1759 coeeioe
862 1716 903 1760 tl.
921 1715 962 1760 61.
980 1714 1021 1760 69.
1039 1709 1148 1757 Creteioe
1166 1704 1261 1755 Meteitt'
1272 1705 1313 1766 (ut
1325 1716 1386 1751 mox

280 1772 393 1834 Gurgitis
404 1774 487 1837 Fabii)
499 1780 523 1823 ³.
535 1781 559 1825 l.
572 1790 623 1823 uon
642 1775 753 1837 improb.
776 1775 864 1823 Nieol,
881 1776 973 1823 Heiua.
993 1774 1027 1823 ad
1050 1773 1129 1820 (lvio.
1148 1772 1215 1821 Met.
1227 1782 1278 1817 vn.
1290 1772 1346 1817 929.
1359 1772 1389 1816 ιιι

279 1836 401 1887 innuatur
412 1840 446 1890 Q.
461 1840 584 1888 Metellus
597 1842 718 1890 Creticus
738 1839 800 1889 Cot.
811 1854 834 1887 a.
845 1843 904 1888 674.
915 1838 959 1902 qui
971 1839 1076 1887 Cretam
1096 1834 1273 1899 expugnavit3
1291 1833 1323 1881 de
1334 1846 1388 1896 quo

279 1916 304 1949 v.
315 1902 368 1951 Dio
380 1904 452 1953 Caes.
464 1918 564 1953 xxxvl.
577 1920 603 1967 p.
616 1909 638 1953 8.
651 1904 791 1953 οι8ι11ιιιι.
801 1905 834 1952 Β.
846 1904 877 1954 C.
887 1908 928 1953 89.
946 1901 1033 1952 Poaaie
1050 1901 1129 1951 etiam
1149 1899 1277 1963 auspicari
1290 1898 1389 1945 Coleioe

278 1965 382 2031 Metelli,
389 1968 415 2017 h.
426 1982 450 2017 e.
462 1970 492 2018 L.
506 1970 608 2018 Metelli
617 1969 688 2018 Calvi
701 1968 759 2018 Cos.
772 1982 794 2017 a.
809 1981 884 2020 ucat.
917 1967 970 2017 Sed
979 1968 1087 2031 vulgata
1097 1980 1201 2031 quoque
1223 1962 1303 2012 lectio
1316 1960 1385 2011 bene

777 2115 886 2165 NOTAE
961 2146 975 2157 .

312 2211 360 2257 2⁰2
379 2210 559 2272 leogoieoe
576 2218 684 2262 render
699 2212 813 2277 pendae]
853 2214 952 2265 ultimo.
986 2214 1128 2265 Quoeenru
1149 2223 1200 2258 nou
1218 2205 1328 2257 absurde
1345 2203 1388 2252 hie

279 2284 363 2334 Quam
376 2300 480 2348 gravem
492 2286 561 2337 serat
572 2288 641 2338 uitro
652 2290 762 2352 galeam,
772 2297 813 2338 ut·
852 2290 973 2352 accipere
982 2287 1052 2336 lieet.
1070 2287 1155 2349 Vulgo
1165 2294 1250 2334 tamen
1260 2282 1388 2342 interpre-

279 2374 330 2421 que
343 2360 389 2409 sub
401 2362 455 2425 ejus
468 2363 581 2425 pondere
604 2372 734 2427 curvetur,
746 2366 813 2415 ietue
853 2371 943 2415 tantur
955 2362 1096 2421 metellum,
1112 2375 1158 2409 reu
1176 2373 1221 2408 aaa
1238 2356 1279 2406 cui
1294 2352 1392 2403 immei·

280 2434 442 2487 declinando.
853 2447 900 2490 unt
911 2440 1040 2499 mulier-er,
1048 2439 1111 2502 ipris
1125 2436 1268 2500 proprium,
1282 2438 1313 2481 ιιι
1323 2432 1390 2480 laea·

314 2511 411 2566 Quanto
427 2513 556 2576 poplitibus
570 2513 662 2578 redeat]
680 2515 764 2566 Quam
785 2530 814 2563 re
853 2529 912 2564 aum
933 2514 1003 2563 viris.
1037 2514 1119 2561 Favet
1133 2512 1187 2563 Jul.
1204 2510 1297 2559 Pollux
1317 2520 1345 2555 x,
1362 2510 1389 2555 9.

279 2587 379 2637 firmam
401 2598 429 2639 et
452 2604 529 2654 quam
550 2590 672 2655 grandem
691 2590 814 2641 exhibeat
854 2598 883 2640 et
892 2588 1027 2639 Turnebus
1045 2589 1104 2637 loeo
1115 2586 1206 2637 citato.
1237 2584 1301 2633 Ceri.
1322 2582 1390 2630 Rbo-

280 2666 350 2715 iuter
370 2665 570 2731 digladiandum,
591 2681 667 2717 crura
687 2667 815 2733 tibiasque
854 2666 907 2729 dig.
920 2676 983 2715 xxa.
995 2668 1035 2715 99.
1047 2664 1147 2728 pariter
1164 2663 1211 2723 ait,
1223 2662 1339 2711 laaauuro
1352 2657 1389 2707 vi·

280 2743 454 2806 extendendo,
471 2741 611 2808 flectendo,
632 2744 763 2809 agitando,
775 2752 814 2795 to·
854 2756 941 2792 rorum
952 2756 1018 2803 eoae,
1029 2740 1192 2791 feminarum
1204 2751 1265 2787 vero
1285 2736 1390 2787 trullam

281 2816 335 2869 ium
347 2834 439 2883 corpus
451 2836 562 2884 genuum
578 2820 679 2873 flexura
697 2822 815 2871 innixum
855 2828 883 2869 et
903 2819 1049 2882 scaptium:
1075 2818 1156 2867 veluti
1176 2814 1271 2864 Pollux
1288 2810 1390 2873 scribit,

280 2898 384 2962 agiliter
394 2900 529 2951 movendo.
856 2896 947 2959 inquit,
961 2893 1114 2958 Eupolidem
1126 2896 1238 2941 secutur.

313 2978 362 3024 266
374 2974 454 3024 Deam
459 2974 540 3035 suecia
548 2975 618 3039 libro]
629 2975 728 3040 Aspice
738 2990 815 3041 quam
888 2974 935 3020 2⁶5
946 2967 1172 3032 Diciteooeaeptea]
1183 2965 1208 3016 0
1217 2964 1389 3014 vorhoueetai

280 3049 366 3099 densis
380 3052 554 3101 voluminibus
573 3052 712 3117 replicatae
729 3059 815 3101 veatee
855 3046 916 3096 filiae
935 3048 1101 3096 bononorum
1113 3053 1140 3093 el
1152 3056 1306 3093 summorum
1323 3041 1391 3089 viro·

282 3123 487 3187 colligatsaaeia,
496 3132 523 3174 et
532 3126 675 3190 succingat.
693 3126 736 3175 Sic
747 3125 816 3175 euim
857 3137 923 3187 mm,
933 3122 1013 3172 dieite
1024 3136 1083 3171 uum
1104 3136 1137 3171 ea
1153 3120 1250 3170 tuerint
1264 3118 1325 3167 oiim
1337 3130 1392 3166 mu·

281 3198 403 3248 mulieres
415 3200 565 3263 pugnabunt
578 3202 728 3251 succincta.
856 3200 934 3250 lieret
945 3198 1113 3262 impudentia.

314 3272 399 3336 Libro]
417 3274 506 3324 luatar
523 3277 661 3325 multorum
677 3276 735 3325 libri
746 3278 818 3326 rolu-
891 3272 989 3339 Lepidi]
1003 3274 1053 3323 Qui
1067 3272 1224 3336 Centor,bia
1237 3270 1342 3333 (ἓοιιιιιΙ,
1361 3274 1391 3319 et

281 3350 386 3399 minum.
415 3351 487 3401 Olim
499 3352 567 3401 euim
577 3352 728 3403 scribebant
738 3354 765 3402 iu
777 3368 818 3403 ar·
857 3350 984 3401 Pontifex
997 3346 1198 3399 Maximurfuit.

282 3424 371 3475 borum
383 3426 491 3487 eortire,
504 3428 547 3492 qui
559 3424 626 3478 liber
638 3438 755 3481 vocatur.
890 3426 995 3491 Metella]
1010 3426 1037 3476 1ι
1054 3427 1132 3476 etiam
1152 3426 1192 3476 bia
1204 3424 1309 3486 Consul,
1322 3422 1392 3473 ceu·

314 3507 362 3553 aot
376 3502 448 3565 ltlre,
459 3506 579 3569 scaptiam
589 3507 685 3572 petitia]
703 3509 767 3559 Cum
780 3510 818 3558 vi·
856 3518 909 3567 ror,
925 3504 1060 3562 Dictator,
1076 3503 1164 3552 oculos
1184 3502 1271 3551 amitit
1287 3514 1346 3550 eam
1357 3512 1391 3549 ea

281 3577 352 3629 deria
363 3580 497 3630 millierem
506 3597 573 3645 ease,
584 3589 611 3632 et
620 3584 745 3634 muliebre
754 3584 817 3649 quid
855 3578 977 3630 incendio
994 3579 1057 3627 adia
1071 3579 1160 3627 Verte
1178 3576 1323 3626 Palladium
1340 3574 1391 3624 eri·

283 3661 576 3721 delectandumque
597 3657 768 3722 planerimm
787 3673 817 3709 ae
856 3663 939 3720 peret.
972 3653 1309 3718 Deeojamsatandtb.

281 3731 309 3782 itt
321 3731 629 3796 gladiaturoprreatabat.
888 3737 937 3783 966
962 3732 1077 3795 Gurgitis
1096 3736 1140 3797 ortt
1159 3728 1243 3792 Fabii]
1268 3728 1297 3778 Ie
1315 3725 1391 3778 Fabii

314 3808 452 3875 scaptiam]
472 3810 612 3874 Multiplex
622 3820 650 3860 et
661 3812 734 3861 varia
744 3826 817 3876 pror·
857 3809 965 3858 Maximi
989 3807 1057 3859 filiun
1082 3806 1208 3855 devorato
1236 3802 1391 3868 patrimonio

282 3885 657 3951 auavoeirietiuseiguiiioatlo.
670 3886 818 3952 Aliquando
859 3886 954 3947 Garger
978 3879 1182 3948 cognominatur,
1202 3880 1236 3931 ad
1257 3880 1389 3929 meliorem

281 3972 330 4025 pto
351 3960 437 4024 ligone
459 3962 581 4026 ponitur:
610 3964 673 4011 alias
691 3977 738 4027 pro
755 3979 816 4013 vaae
858 3971 950 4026 postea
967 3959 1067 4025 frugem
1089 3958 1177 4021 rediit,
1198 3958 1388 4018 multarumque

282 4039 394 4101 potorio,
406 4043 435 4087 ut
447 4037 539 4102 partim
551 4037 620 4101 apud
631 4038 720 4088 Plaut.
744 4040 816 4089 Aliae
857 4038 995 4099 virtutum,
1022 4035 1192 4098 inprimisque
1225 4029 1389 4082 abstinentiae

283 4124 331 4176 pro
343 4112 548 4178 eertocapillitio
559 4114 662 4177 aeapbae
672 4114 816 4164 similitudi·
856 4114 989 4177 specimen
1008 4111 1104 4161 edidit:
1137 4126 1169 4160 ae
1194 4108 1287 4174 prioris
1301 4104 1389 4154 retatla

283 4198 343 4236 ιιιιιι
355 4186 494 4239 etiormem
503 4189 626 4253 habente,
636 4190 817 4242 meretricibus
855 4190 919 4240 vitia
939 4189 1031 4254 insigni
1049 4201 1142 4237 secura
1154 4186 1248 4235 virtute
1268 4194 1389 4245 wulpen·

283 4262 515 4326 uaitato,utnotat
532 4266 643 4317 turneb.
657 4267 817 4333 l.rr.caplte
856 4268 935 4319 eavit:
952 4274 983 4317 ut
994 4264 1106 4316 teaiatar
1118 4260 1237 4313 Maerob.
1247 4272 1290 4309 ιιι.
1303 4260 1344 4309 rt.
1387 4258 1391 4273 '
