<?xml version="1.0" encoding="UTF-8"?>
<!DOCTYPE html PUBLIC "-//W3C//DTD XHTML 1.0 Transitional//EN"
    "http://www.w3.org/TR/xhtml1/DTD/xhtml1-transitional.dtd">
<html xmlns="http://www.w3.org/1999/xhtml" xml:lang="en" lang="en">
 <head>
  <title>
</title>
<meta http-equiv="Content-Type" content="text/html;charset=utf-8" />
  <meta name='ocr-system' content='tesseract 3.04.00' />
  <meta name='ocr-capabilities' content='ocr_page ocr_carea ocr_par ocr_line ocrx_word'/>
</head>
<body>
  <div class='ocr_page' id='page_1' title='image "./operaomnia00juvegoog_0060.png"; bbox 0 0 3184 4917; ppageno 0'>
   <div class='ocr_carea' id='block_1_1' title="bbox 299 397 1010 467">
    <p class='ocr_par' dir='ltr' id='par_1_1' title="bbox 299 397 1010 467">
     <span class='ocr_line' id='line_1_1' title="bbox 299 397 1010 467; baseline -0.017 0"><span class='ocrx_word' id='word_1_1' title='bbox 299 397 344 467; x_wconf 79' lang='lat' dir='ltr'>tn</span> <span class='ocrx_word' id='word_1_2' title='bbox 685 408 774 461; x_wconf 76' lang='lat' dir='ltr'>arra</span> <span class='ocrx_word' id='word_1_3' title='bbox 797 404 1010 457; x_wconf 74' lang='lat' dir='ltr'>suasanus</span> 
     </span>
    </p>
   </div>
   <div class='ocr_carea' id='block_1_2' title="bbox 300 534 1397 727">
    <p class='ocr_par' dir='ltr' id='par_1_2' title="bbox 300 534 1397 727">
     <span class='ocr_line' id='line_1_2' title="bbox 300 534 1397 645; baseline -0.008 -20"><span class='ocrx_word' id='word_1_4' title='bbox 300 557 473 645; x_wconf 87' lang='lat' dir='ltr'>plurimum</span> <span class='ocrx_word' id='word_1_5' title='bbox 487 557 591 640; x_wconf 69' lang='lat' dir='ltr'>palia</span> <span class='ocrx_word' id='word_1_6' title='bbox 604 552 758 619; x_wconf 80' lang='lat' dir='ltr'>valebant</span> <span class='ocrx_word' id='word_1_7' title='bbox 777 534 869 637; x_wconf 71' lang='lat' dir='ltr'>aptari</span> <span class='ocrx_word' id='word_1_8' title='bbox 882 553 1032 617; x_wconf 74' lang='lat' dir='ltr'>eumdem</span> <span class='ocrx_word' id='word_1_9' title='bbox 1044 552 1222 619; x_wconf 67' lang='lat' dir='ltr'>Claudiam</span> <span class='ocrx_word' id='word_1_10' title='bbox 1237 553 1323 639; x_wconf 91' lang='lat' dir='ltr'>lmp.</span> <span class='ocrx_word' id='word_1_11' title='bbox 1343 554 1397 621; x_wconf 84' lang='lat' dir='ltr'>Ct.</span> 
     </span>
     <span class='ocr_line' id='line_1_3' title="bbox 300 658 764 727; baseline -0.017 0"><span class='ocrx_word' id='word_1_12' title='bbox 300 660 344 727; x_wconf 73' lang='lat' dir='ltr'>ael</span> <span class='ocrx_word' id='word_1_13' title='bbox 356 661 427 725; x_wconf 83' lang='lat' dir='ltr'>Sat.</span> <span class='ocrx_word' id='word_1_14' title='bbox 443 678 466 724; x_wconf 90' lang='lat' dir='ltr'>r.</span> <span class='ocrx_word' id='word_1_15' title='bbox 482 658 555 724; x_wconf 80' lang='grc'><strong>109.</strong></span> <span class='ocrx_word' id='word_1_16' title='bbox 569 664 602 722; x_wconf 89' lang='lat' dir='ltr'>et</span> <span class='ocrx_word' id='word_1_17' title='bbox 617 674 697 721; x_wconf 83' lang='lat' dir='ltr'>xrv.</span> <span class='ocrx_word' id='word_1_18' title='bbox 710 658 764 723; x_wconf 82' lang='lat' dir='ltr'>or.</span> 
     </span>
    </p>
   </div>
   <div class='ocr_carea' id='block_1_3' title="bbox 469 840 1222 915">
    <p class='ocr_par' dir='ltr' id='par_1_3' title="bbox 469 840 1222 915">
     <span class='ocr_line' id='line_1_4' title="bbox 469 840 1222 915; baseline -0.012 -1"><span class='ocrx_word' id='word_1_19' title='bbox 469 843 720 915; x_wconf 68' lang='lat' dir='ltr'>A.U.O.8tl².</span> <span class='ocrx_word' id='word_1_20' title='bbox 766 842 888 912; x_wconf 76' lang='lat' dir='ltr'><strong>Christi</strong></span> <span class='ocrx_word' id='word_1_21' title='bbox 902 842 956 912; x_wconf 76' lang='grc'>49.</span> <span class='ocrx_word' id='word_1_22' title='bbox 998 840 1222 909; x_wconf 67' lang='lat' dir='ltr'>turonens.</span> 
     </span>
    </p>
   </div>
   <div class='ocr_carea' id='block_1_4' title="bbox 203 976 1396 2374">
    <p class='ocr_par' dir='ltr' id='par_1_4' title="bbox 203 976 1396 2374">
     <span class='ocr_line' id='line_1_5' title="bbox 341 976 1396 1065; baseline -0.004 -19"><span class='ocrx_word' id='word_1_23' title='bbox 341 980 395 1047; x_wconf 89' lang='lat' dir='ltr'>De</span> <span class='ocrx_word' id='word_1_24' title='bbox 408 978 667 1065; x_wconf 76' lang='lat' dir='ltr'><strong>praeceptoribus</strong></span> <span class='ocrx_word' id='word_1_25' title='bbox 678 976 699 1041; x_wconf 86' lang='lat' dir='ltr'>J</span> <span class='ocrx_word' id='word_1_26' title='bbox 704 976 850 1040; x_wconf 82' lang='lat' dir='ltr'>arnualis</span> <span class='ocrx_word' id='word_1_27' title='bbox 862 976 943 1040; x_wconf 84' lang='lat' dir='ltr'>nibil</span> <span class='ocrx_word' id='word_1_28' title='bbox 954 977 1065 1059; x_wconf 84' lang='lat' dir='ltr'>potest</span> <span class='ocrx_word' id='word_1_29' title='bbox 1078 979 1167 1039; x_wconf 88' lang='lat' dir='ltr'>uerta</span> <span class='ocrx_word' id='word_1_30' title='bbox 1179 978 1212 1037; x_wconf 91' lang='lat' dir='ltr'>et</span> <span class='ocrx_word' id='word_1_31' title='bbox 1224 976 1396 1058; x_wconf 83' lang='lat' dir='ltr'>explorata</span> 
     </span>
     <span class='ocr_line' id='line_1_6' title="bbox 296 1075 1396 1163; baseline -0.005 -15"><span class='ocrx_word' id='word_1_32' title='bbox 296 1084 362 1149; x_wconf 88' lang='lat' dir='ltr'>tide</span> <span class='ocrx_word' id='word_1_33' title='bbox 375 1082 471 1149; x_wconf 74' lang='lat' dir='ltr'>uadi.</span> <span class='ocrx_word' id='word_1_34' title='bbox 517 1080 704 1144; x_wconf 82' lang='lat' dir='ltr'>Herminius</span> <span class='ocrx_word' id='word_1_35' title='bbox 718 1078 863 1163; x_wconf 86' lang='lat' dir='ltr'>quidem,</span> <span class='ocrx_word' id='word_1_36' title='bbox 889 1075 1004 1141; x_wconf 86' lang='lat' dir='ltr'>Criniti</span> <span class='ocrx_word' id='word_1_37' title='bbox 1026 1076 1229 1159; x_wconf 85' lang='lat' dir='ltr'>aliorumque</span> <span class='ocrx_word' id='word_1_38' title='bbox 1250 1079 1396 1143; x_wconf 85' lang='lat' dir='ltr'>anctori-</span> 
     </span>
     <span class='ocr_line' id='line_1_7' title="bbox 297 1179 1395 1263; baseline -0.005 -12"><span class='ocrx_word' id='word_1_39' title='bbox 297 1190 398 1251; x_wconf 82' lang='lat' dir='ltr'>tatem</span> <span class='ocrx_word' id='word_1_40' title='bbox 413 1188 555 1258; x_wconf 88' lang='lat' dir='ltr'>secutus,</span> <span class='ocrx_word' id='word_1_41' title='bbox 571 1180 614 1256; x_wconf 82' lang='lat' dir='ltr'>ad</span> <span class='ocrx_word' id='word_1_42' title='bbox 629 1182 732 1246; x_wconf 77' lang='lat' dir='ltr'>vitam</span> <span class='ocrx_word' id='word_1_43' title='bbox 745 1180 931 1257; x_wconf 82' lang='lat' dir='ltr'>Juvenalis,</span> <span class='ocrx_word' id='word_1_44' title='bbox 957 1198 1033 1263; x_wconf 85' lang='lat' dir='ltr'>quae</span> <span class='ocrx_word' id='word_1_45' title='bbox 1056 1179 1212 1244; x_wconf 75' lang='lat' dir='ltr'>Suetonio</span> <span class='ocrx_word' id='word_1_46' title='bbox 1231 1180 1395 1259; x_wconf 87' lang='lat' dir='ltr'>tribuitur,</span> 
     </span>
     <span class='ocr_line' id='line_1_8' title="bbox 297 1280 1394 1366; baseline 0 -17"><span class='ocrx_word' id='word_1_47' title='bbox 297 1291 398 1362; x_wconf 85' lang='lat' dir='ltr'>notat,</span> <span class='ocrx_word' id='word_1_48' title='bbox 414 1304 487 1347; x_wconf 89' lang='lat' dir='ltr'>enm</span> <span class='ocrx_word' id='word_1_49' title='bbox 504 1282 668 1346; x_wconf 74' lang='lat' dir='ltr'>Fientene</span> <span class='ocrx_word' id='word_1_50' title='bbox 684 1280 911 1345; x_wconf 74' lang='lat' dir='ltr'>Grammatico</span> <span class='ocrx_word' id='word_1_51' title='bbox 933 1280 1047 1366; x_wconf 86' lang='lat' dir='ltr'>(quern</span> <span class='ocrx_word' id='word_1_52' title='bbox 1070 1283 1169 1345; x_wconf 85' lang='lat' dir='ltr'>etiam</span> <span class='ocrx_word' id='word_1_53' title='bbox 1192 1282 1263 1348; x_wconf 83' lang='lat' dir='ltr'>Sat.</span> <span class='ocrx_word' id='word_1_54' title='bbox 1289 1300 1314 1349; x_wconf 86' lang='lat' dir='ltr'>r.</span> <span class='ocrx_word' id='word_1_55' title='bbox 1338 1284 1394 1349; x_wconf 75' lang='lat'>12.</span> 
     </span>
     <span class='ocr_line' id='line_1_9' title="bbox 297 1379 1395 1473; baseline -0.001 -22"><span class='ocrx_word' id='word_1_56' title='bbox 297 1387 387 1452; x_wconf 89' lang='lat' dir='ltr'>innui</span> <span class='ocrx_word' id='word_1_57' title='bbox 400 1383 537 1468; x_wconf 85' lang='lat' dir='ltr'>quidam</span> <span class='ocrx_word' id='word_1_58' title='bbox 550 1379 680 1473; x_wconf 86' lang='lat' dir='ltr'>putant)</span> <span class='ocrx_word' id='word_1_59' title='bbox 692 1383 849 1467; x_wconf 80' lang='lat' dir='ltr'>magistre</span> <span class='ocrx_word' id='word_1_60' title='bbox 862 1402 960 1447; x_wconf 88' lang='lat' dir='ltr'>usum</span> <span class='ocrx_word' id='word_1_61' title='bbox 980 1400 1065 1460; x_wconf 74' lang='lat' dir='ltr'>mse,</span> <span class='ocrx_word' id='word_1_62' title='bbox 1087 1390 1121 1448; x_wconf 90' lang='lat' dir='ltr'>et</span> <span class='ocrx_word' id='word_1_63' title='bbox 1144 1384 1190 1447; x_wconf 87' lang='lat' dir='ltr'>ab</span> <span class='ocrx_word' id='word_1_64' title='bbox 1210 1403 1252 1449; x_wconf 87' lang='lat' dir='ltr'>eo</span> <span class='ocrx_word' id='word_1_65' title='bbox 1265 1404 1395 1451; x_wconf 87' lang='lat' dir='ltr'>summa</span> 
     </span>
     <span class='ocr_line' id='line_1_10' title="bbox 297 1482 1393 1569; baseline 0 -18"><span class='ocrx_word' id='word_1_66' title='bbox 297 1484 465 1569; x_wconf 73' lang='lat' dir='ltr'>diligentia</span> <span class='ocrx_word' id='word_1_67' title='bbox 485 1482 688 1546; x_wconf 86' lang='lat' dir='ltr'>institutum:</span> <span class='ocrx_word' id='word_1_68' title='bbox 710 1482 796 1548; x_wconf 84' lang='lat' dir='ltr'>lrnnc</span> <span class='ocrx_word' id='word_1_69' title='bbox 818 1484 905 1548; x_wconf 87' lang='lat' dir='ltr'>enim</span> <span class='ocrx_word' id='word_1_70' title='bbox 929 1482 1085 1550; x_wconf 72' lang='lat' dir='ltr'>docuisse</span> <span class='ocrx_word' id='word_1_71' title='bbox 1102 1484 1169 1548; x_wconf 85' lang='lat' dir='ltr'>illis</span> <span class='ocrx_word' id='word_1_72' title='bbox 1192 1488 1393 1569; x_wconf 84' lang='lat' dir='ltr'>temporibus</span> 
     </span>
     <span class='ocr_line' id='line_1_11' title="bbox 236 1570 1394 1673; baseline 0 -22"><span class='ocrx_word' id='word_1_73' title='bbox 236 1570 242 1589; x_wconf 78' lang='lat'><em>&#39;</em></span> <span class='ocrx_word' id='word_1_74' title='bbox 298 1586 417 1651; x_wconf 83' lang='lat' dir='ltr'>Romae</span> <span class='ocrx_word' id='word_1_75' title='bbox 432 1603 551 1673; x_wconf 83' lang='lat' dir='ltr'>magna</span> <span class='ocrx_word' id='word_1_76' title='bbox 566 1604 641 1649; x_wconf 91' lang='lat' dir='ltr'>cnm</span> <span class='ocrx_word' id='word_1_77' title='bbox 654 1585 796 1671; x_wconf 81' lang='lat' dir='ltr'>nominis</span> <span class='ocrx_word' id='word_1_78' title='bbox 811 1584 1012 1664; x_wconf 73' lang='lat' dir='ltr'>celebritate,</span> <span class='ocrx_word' id='word_1_79' title='bbox 1034 1590 1118 1650; x_wconf 86' lang='lat' dir='ltr'>teste</span> <span class='ocrx_word' id='word_1_80' title='bbox 1131 1584 1253 1652; x_wconf 83' lang='lat' dir='ltr'>Gellio.</span> <span class='ocrx_word' id='word_1_81' title='bbox 1297 1586 1394 1651; x_wconf 86' lang='lat' dir='ltr'>Earn-</span> 
     </span>
     <span class='ocr_line' id='line_1_12' title="bbox 296 1683 1395 1770; baseline 0.003 -19"><span class='ocrx_word' id='word_1_82' title='bbox 296 1686 371 1751; x_wconf 84' lang='lat' dir='ltr'>dem</span> <span class='ocrx_word' id='word_1_83' title='bbox 385 1687 429 1750; x_wconf 91' lang='lat' dir='ltr'>ob</span> <span class='ocrx_word' id='word_1_84' title='bbox 445 1704 581 1750; x_wconf 85' lang='lat' dir='ltr'>cansam</span> <span class='ocrx_word' id='word_1_85' title='bbox 594 1683 684 1749; x_wconf 84' lang='lat' dir='ltr'>luere</span> <span class='ocrx_word' id='word_1_86' title='bbox 697 1686 808 1761; x_wconf 85' lang='lat' dir='ltr'>etiam,</span> <span class='ocrx_word' id='word_1_87' title='bbox 830 1685 887 1767; x_wconf 92' lang='lat' dir='ltr'>qui</span> <span class='ocrx_word' id='word_1_88' title='bbox 910 1685 1105 1750; x_wconf 76' lang='lat' dir='ltr'>Juvenaiem</span> <span class='ocrx_word' id='word_1_89' title='bbox 1125 1686 1161 1747; x_wconf 90' lang='lat' dir='ltr'>in</span> <span class='ocrx_word' id='word_1_90' title='bbox 1184 1686 1395 1770; x_wconf 82' lang='lat' dir='ltr'>disciplinam</span> 
     </span>
     <span class='ocr_line' id='line_1_13' title="bbox 295 1780 1396 1869; baseline 0 -17"><span class='ocrx_word' id='word_1_91' title='bbox 295 1784 447 1852; x_wconf 78' lang='lat' dir='ltr'>bedlmm</span> <span class='ocrx_word' id='word_1_92' title='bbox 464 1806 537 1851; x_wconf 84' lang='lat' dir='ltr'>esse</span> <span class='ocrx_word' id='word_1_93' title='bbox 553 1783 759 1865; x_wconf 83' lang='lat' dir='ltr'>Quintiliano</span> <span class='ocrx_word' id='word_1_94' title='bbox 773 1780 1027 1869; x_wconf 75' lang='lat' dir='ltr'>suspicarentur.</span> <span class='ocrx_word' id='word_1_95' title='bbox 1072 1784 1138 1846; x_wconf 83' lang='lat' dir='ltr'>Sed</span> <span class='ocrx_word' id='word_1_96' title='bbox 1151 1803 1253 1867; x_wconf 86' lang='lat' dir='ltr'>quam</span> <span class='ocrx_word' id='word_1_97' title='bbox 1266 1786 1396 1854; x_wconf 83' lang='lat' dir='ltr'>infirma</span> 
     </span>
     <span class='ocr_line' id='line_1_14' title="bbox 296 1884 1392 1967; baseline -0.004 -14"><span class='ocrx_word' id='word_1_98' title='bbox 296 1888 341 1953; x_wconf 87' lang='lat' dir='ltr'>sit</span> <span class='ocrx_word' id='word_1_99' title='bbox 362 1888 436 1954; x_wconf 85' lang='lat' dir='ltr'>haec</span> <span class='ocrx_word' id='word_1_100' title='bbox 458 1888 557 1963; x_wconf 88' lang='lat' dir='ltr'>ratic,</span> <span class='ocrx_word' id='word_1_101' title='bbox 580 1886 680 1950; x_wconf 80' lang='lat' dir='ltr'>t&#39;acile</span> <span class='ocrx_word' id='word_1_102' title='bbox 702 1885 904 1967; x_wconf 79' lang='lat' dir='ltr'>intelligitur.</span> <span class='ocrx_word' id='word_1_103' title='bbox 947 1884 1039 1950; x_wconf 85' lang='lat' dir='ltr'>Nam</span> <span class='ocrx_word' id='word_1_104' title='bbox 1062 1904 1128 1948; x_wconf 92' lang='lat' dir='ltr'>non</span> <span class='ocrx_word' id='word_1_105' title='bbox 1150 1886 1250 1950; x_wconf 84' lang='lat' dir='ltr'>modo</span> <span class='ocrx_word' id='word_1_106' title='bbox 1272 1886 1392 1955; x_wconf 80' lang='lat' dir='ltr'>Romae</span> 
     </span>
     <span class='ocr_line' id='line_1_15' title="bbox 295 1986 1393 2072; baseline 0.004 -19"><span class='ocrx_word' id='word_1_107' title='bbox 295 1987 352 2053; x_wconf 86' lang='lat' dir='ltr'>aiii</span> <span class='ocrx_word' id='word_1_108' title='bbox 365 2008 497 2072; x_wconf 87' lang='lat' dir='ltr'>qnoque</span> <span class='ocrx_word' id='word_1_109' title='bbox 510 1994 588 2052; x_wconf 90' lang='lat' dir='ltr'>tunc</span> <span class='ocrx_word' id='word_1_110' title='bbox 610 1987 768 2070; x_wconf 90' lang='lat' dir='ltr'>temporis</span> <span class='ocrx_word' id='word_1_111' title='bbox 789 1987 879 2070; x_wconf 89' lang='lat' dir='ltr'>iique</span> <span class='ocrx_word' id='word_1_112' title='bbox 901 1986 1046 2051; x_wconf 79' lang='lat' dir='ltr'>celebres</span> <span class='ocrx_word' id='word_1_113' title='bbox 1064 1986 1154 2051; x_wconf 81' lang='lat' dir='ltr'>inere</span> <span class='ocrx_word' id='word_1_114' title='bbox 1174 1986 1393 2057; x_wconf 83' lang='lat' dir='ltr'>Grammatici</span> 
     </span>
     <span class='ocr_line' id='line_1_16' title="bbox 203 2082 1392 2177; baseline 0.003 -23"><span class='ocrx_word' id='word_1_115' title='bbox 203 2082 204 2085; x_wconf 46' lang='lat'>&#39;</span> <span class='ocrx_word' id='word_1_116' title='bbox 295 2094 331 2154; x_wconf 91' lang='lat' dir='ltr'>et</span> <span class='ocrx_word' id='word_1_117' title='bbox 350 2086 524 2165; x_wconf 87' lang='lat' dir='ltr'>Rhetores,</span> <span class='ocrx_word' id='word_1_118' title='bbox 548 2107 686 2171; x_wconf 87' lang='lat' dir='ltr'>quorum</span> <span class='ocrx_word' id='word_1_119' title='bbox 709 2086 841 2152; x_wconf 87' lang='lat' dir='ltr'>scholas</span> <span class='ocrx_word' id='word_1_120' title='bbox 858 2086 1062 2172; x_wconf 76' lang='lat' dir='ltr'>frequentare</span> <span class='ocrx_word' id='word_1_121' title='bbox 1081 2090 1190 2175; x_wconf 86' lang='lat' dir='ltr'>potnit</span> <span class='ocrx_word' id='word_1_122' title='bbox 1208 2088 1392 2177; x_wconf 83' lang='lat' dir='ltr'>Juvenalis,</span> 
     </span>
     <span class='ocr_line' id='line_1_17' title="bbox 297 2188 1393 2273; baseline 0.005 -19"><span class='ocrx_word' id='word_1_123' title='bbox 297 2210 372 2255; x_wconf 85' lang='lat' dir='ltr'>omn</span> <span class='ocrx_word' id='word_1_124' title='bbox 397 2210 481 2272; x_wconf 89' lang='lat' dir='ltr'>puer</span> <span class='ocrx_word' id='word_1_125' title='bbox 505 2195 602 2266; x_wconf 78' lang='lat' dir='ltr'>osset,</span> <span class='ocrx_word' id='word_1_126' title='bbox 629 2188 687 2253; x_wconf 87' lang='lat' dir='ltr'>sed</span> <span class='ocrx_word' id='word_1_127' title='bbox 713 2190 815 2253; x_wconf 87' lang='lat' dir='ltr'>multo</span> <span class='ocrx_word' id='word_1_128' title='bbox 841 2208 972 2272; x_wconf 88' lang='lat' dir='ltr'>qnoque</span> <span class='ocrx_word' id='word_1_129' title='bbox 999 2190 1207 2273; x_wconf 73' lang='lat' dir='ltr'>probabilius</span> <span class='ocrx_word' id='word_1_130' title='bbox 1230 2200 1292 2270; x_wconf 89' lang='lat' dir='ltr'>est,</span> <span class='ocrx_word' id='word_1_131' title='bbox 1317 2214 1393 2259; x_wconf 90' lang='lat' dir='ltr'>eum</span> 
     </span>
     <span class='ocr_line' id='line_1_18' title="bbox 296 2289 1391 2374; baseline 0.005 -21"><span class='ocrx_word' id='word_1_132' title='bbox 296 2290 488 2373; x_wconf 84' lang='lat' dir='ltr'>quorumvis</span> <span class='ocrx_word' id='word_1_133' title='bbox 524 2289 636 2371; x_wconf 89' lang='lat' dir='ltr'>potius</span> <span class='ocrx_word' id='word_1_134' title='bbox 672 2290 810 2353; x_wconf 76' lang='lat' dir='ltr'>alienam</span> <span class='ocrx_word' id='word_1_135' title='bbox 840 2290 1041 2354; x_wconf 87' lang='lat' dir='ltr'>institutione</span> <span class='ocrx_word' id='word_1_136' title='bbox 1068 2291 1246 2356; x_wconf 79' lang='lat' dir='ltr'>formatum</span> <span class='ocrx_word' id='word_1_137' title='bbox 1276 2292 1391 2374; x_wconf 84' lang='lat' dir='ltr'>fnisse,</span> 
     </span>
    </p>
   </div>
   <div class='ocr_carea' id='block_1_5' title="bbox 153 2387 1392 2478">
    <p class='ocr_par' dir='ltr' id='par_1_5' title="bbox 153 2387 1392 2478">
     <span class='ocr_line' id='line_1_19' title="bbox 153 2387 1392 2478; baseline 0.002 -21"><span class='ocrx_word' id='word_1_138' title='bbox 153 2452 154 2457; x_wconf 73' lang='grc'>,</span> <span class='ocrx_word' id='word_1_139' title='bbox 295 2408 396 2474; x_wconf 83' lang='lat' dir='ltr'>quam</span> <span class='ocrx_word' id='word_1_140' title='bbox 425 2388 601 2452; x_wconf 79' lang='lat' dir='ltr'>Frentanis</span> <span class='ocrx_word' id='word_1_141' title='bbox 630 2388 720 2453; x_wconf 87' lang='lat' dir='ltr'>iilius</span> <span class='ocrx_word' id='word_1_142' title='bbox 748 2394 782 2453; x_wconf 88' lang='lat' dir='ltr'>et</span> <span class='ocrx_word' id='word_1_143' title='bbox 809 2387 1018 2467; x_wconf 78' lang='lat' dir='ltr'>Quintiliani.</span> <span class='ocrx_word' id='word_1_144' title='bbox 1077 2390 1147 2454; x_wconf 82' lang='lat' dir='ltr'>llic</span> <span class='ocrx_word' id='word_1_145' title='bbox 1175 2393 1271 2472; x_wconf 87' lang='lat' dir='ltr'>enim,</span> <span class='ocrx_word' id='word_1_146' title='bbox 1300 2398 1392 2478; x_wconf 86' lang='lat' dir='ltr'>quod</span> 
     </span>
    </p>
   </div>
   <div class='ocr_carea' id='block_1_6' title="bbox 291 2488 1392 4281">
    <p class='ocr_par' dir='ltr' id='par_1_6' title="bbox 291 2488 1392 3887">
     <span class='ocr_line' id='line_1_20' title="bbox 296 2488 1392 2579; baseline 0.007 -27"><span class='ocrx_word' id='word_1_147' title='bbox 296 2508 397 2573; x_wconf 87' lang='lat' dir='ltr'>supra</span> <span class='ocrx_word' id='word_1_148' title='bbox 411 2488 567 2567; x_wconf 82' lang='lat' dir='ltr'>diximus,</span> <span class='ocrx_word' id='word_1_149' title='bbox 587 2490 642 2553; x_wconf 86' lang='lat' dir='ltr'>vel</span> <span class='ocrx_word' id='word_1_150' title='bbox 655 2488 781 2566; x_wconf 88' lang='lat' dir='ltr'>ecdem,</span> <span class='ocrx_word' id='word_1_151' title='bbox 807 2508 874 2573; x_wconf 91' lang='lat' dir='ltr'>quo</span> <span class='ocrx_word' id='word_1_152' title='bbox 888 2489 989 2579; x_wconf 69' lang='lat' dir='ltr'>pota</span> <span class='ocrx_word' id='word_1_153' title='bbox 1002 2497 1121 2568; x_wconf 82' lang='lat' dir='ltr'>noster,</span> <span class='ocrx_word' id='word_1_154' title='bbox 1143 2510 1241 2572; x_wconf 85' lang='lat' dir='ltr'>anno,</span> <span class='ocrx_word' id='word_1_155' title='bbox 1266 2495 1318 2560; x_wconf 84' lang='lat' dir='ltr'>rel</span> <span class='ocrx_word' id='word_1_156' title='bbox 1332 2496 1392 2560; x_wconf 88' lang='lat' dir='ltr'>ali-</span> 
     </span>
     <span class='ocr_line' id='line_1_21' title="bbox 295 2588 1392 2675; baseline 0.006 -22"><span class='ocrx_word' id='word_1_157' title='bbox 295 2594 387 2673; x_wconf 87' lang='lat' dir='ltr'>quot,</span> <span class='ocrx_word' id='word_1_158' title='bbox 403 2588 461 2654; x_wconf 92' lang='lat' dir='ltr'>ille</span> <span class='ocrx_word' id='word_1_159' title='bbox 474 2595 583 2653; x_wconf 87' lang='lat' dir='ltr'>autem</span> <span class='ocrx_word' id='word_1_160' title='bbox 597 2590 709 2654; x_wconf 88' lang='lat' dir='ltr'>multis</span> <span class='ocrx_word' id='word_1_161' title='bbox 723 2591 818 2654; x_wconf 86' lang='lat' dir='ltr'>annis</span> <span class='ocrx_word' id='word_1_162' title='bbox 829 2596 907 2675; x_wconf 88' lang='lat' dir='ltr'>post</span> <span class='ocrx_word' id='word_1_163' title='bbox 920 2610 997 2654; x_wconf 89' lang='lat' dir='ltr'>eum</span> <span class='ocrx_word' id='word_1_164' title='bbox 1010 2596 1105 2656; x_wconf 79' lang='lat' dir='ltr'>nabis</span> <span class='ocrx_word' id='word_1_165' title='bbox 1117 2594 1256 2660; x_wconf 74' lang='lat' dir='ltr'>videns.</span> <span class='ocrx_word' id='word_1_166' title='bbox 1300 2594 1392 2660; x_wconf 85' lang='lat' dir='ltr'>Mar·</span> 
     </span>
     <span class='ocr_line' id='line_1_22' title="bbox 294 2688 1392 2782; baseline 0.008 -28"><span class='ocrx_word' id='word_1_167' title='bbox 294 2709 354 2755; x_wconf 89' lang='lat' dir='ltr'>eus</span> <span class='ocrx_word' id='word_1_168' title='bbox 369 2694 455 2755; x_wconf 85' lang='lat' dir='ltr'>certe</span> <span class='ocrx_word' id='word_1_169' title='bbox 478 2688 647 2754; x_wconf 70' lang='lat' dir='ltr'>Comelim</span> <span class='ocrx_word' id='word_1_170' title='bbox 662 2688 798 2768; x_wconf 82' lang='lat' dir='ltr'>Fronto,</span> <span class='ocrx_word' id='word_1_171' title='bbox 821 2690 1026 2755; x_wconf 86' lang='lat' dir='ltr'>clarissimus</span> <span class='ocrx_word' id='word_1_172' title='bbox 1040 2691 1178 2773; x_wconf 85' lang='lat' dir='ltr'>Rbetor,</span> <span class='ocrx_word' id='word_1_173' title='bbox 1200 2698 1293 2782; x_wconf 78' lang='lat' dir='ltr'>euJ&#39;us</span> <span class='ocrx_word' id='word_1_174' title='bbox 1313 2718 1392 2782; x_wconf 86' lang='lat' dir='ltr'>pas-</span> 
     </span>
     <span class='ocr_line' id='line_1_23' title="bbox 295 2789 1390 2879; baseline 0.008 -24"><span class='ocrx_word' id='word_1_175' title='bbox 295 2792 358 2856; x_wconf 82' lang='lat' dir='ltr'>sim</span> <span class='ocrx_word' id='word_1_176' title='bbox 379 2792 576 2875; x_wconf 78' lang='lat' dir='ltr'>meutiquam</span> <span class='ocrx_word' id='word_1_177' title='bbox 599 2791 682 2857; x_wconf 80' lang='lat' dir='ltr'>facit</span> <span class='ocrx_word' id='word_1_178' title='bbox 703 2790 843 2870; x_wconf 87' lang='lat' dir='ltr'>Gellius,</span> <span class='ocrx_word' id='word_1_179' title='bbox 868 2789 989 2879; x_wconf 87' lang='lat' dir='ltr'>(Noct.</span> <span class='ocrx_word' id='word_1_180' title='bbox 1012 2790 1082 2859; x_wconf 80' lang='lat' dir='ltr'>Art.</span> <span class='ocrx_word' id='word_1_181' title='bbox 1099 2812 1139 2860; x_wconf 89' lang='lat' dir='ltr'>rr.</span> <span class='ocrx_word' id='word_1_182' title='bbox 1154 2796 1209 2862; x_wconf 70' lang='lat'>26.</span> <span class='ocrx_word' id='word_1_183' title='bbox 1233 2814 1320 2864; x_wconf 85' lang='lat' dir='ltr'>xrn.</span> <span class='ocrx_word' id='word_1_184' title='bbox 1335 2800 1390 2865; x_wconf 55' lang='grc' dir='ltr'>ω.</span> 
     </span>
     <span class='ocr_line' id='line_1_24' title="bbox 295 2891 1391 2981; baseline 0.008 -24"><span class='ocrx_word' id='word_1_185' title='bbox 295 2891 586 2977; x_wconf 78' lang='lat' dir='ltr'>xrx.8.10.13.)</span> <span class='ocrx_word' id='word_1_186' title='bbox 608 2900 794 2977; x_wconf 83' lang='lat' dir='ltr'>praeceptor</span> <span class='ocrx_word' id='word_1_187' title='bbox 817 2892 882 2957; x_wconf 82' lang='lat' dir='ltr'>fnit</span> <span class='ocrx_word' id='word_1_188' title='bbox 903 2892 1041 2959; x_wconf 85' lang='lat' dir='ltr'>duorum</span> <span class='ocrx_word' id='word_1_189' title='bbox 1065 2894 1311 2981; x_wconf 82' lang='lat' dir='ltr'>Imperatorum,</span> <span class='ocrx_word' id='word_1_190' title='bbox 1339 2899 1391 2966; x_wconf 83' lang='lat' dir='ltr'>ll.</span> 
     </span>
     <span class='ocr_line' id='line_1_25' title="bbox 293 2990 1392 3080; baseline 0.012 -24"><span class='ocrx_word' id='word_1_191' title='bbox 293 2990 452 3057; x_wconf 77' lang='lat' dir='ltr'>Antonini</span> <span class='ocrx_word' id='word_1_192' title='bbox 472 2993 680 3076; x_wconf 81' lang='lat' dir='ltr'>Philosophi,</span> <span class='ocrx_word' id='word_1_193' title='bbox 704 2993 777 3080; x_wconf 90' lang='lat' dir='ltr'>(qni</span> <span class='ocrx_word' id='word_1_194' title='bbox 790 2994 822 3057; x_wconf 89' lang='lat' dir='ltr'>ei</span> <span class='ocrx_word' id='word_1_195' title='bbox 836 3000 979 3059; x_wconf 84' lang='lat' dir='ltr'>statuam</span> <span class='ocrx_word' id='word_1_196' title='bbox 992 2998 1028 3060; x_wconf 89' lang='lat' dir='ltr'>in</span> <span class='ocrx_word' id='word_1_197' title='bbox 1041 3006 1168 3076; x_wconf 88' lang='lat' dir='ltr'>senatu,</span> <span class='ocrx_word' id='word_1_198' title='bbox 1184 3002 1392 3069; x_wconf 85' lang='lat' dir='ltr'>consulatum</span> 
     </span>
     <span class='ocr_line' id='line_1_26' title="bbox 294 3093 1391 3185; baseline 0.01 -28"><span class='ocrx_word' id='word_1_199' title='bbox 294 3094 329 3157; x_wconf 86' lang='lat' dir='ltr'>in</span> <span class='ocrx_word' id='word_1_200' title='bbox 343 3093 428 3157; x_wconf 85' lang='lat' dir='ltr'>duos</span> <span class='ocrx_word' id='word_1_201' title='bbox 441 3112 570 3159; x_wconf 84' lang='lat' dir='ltr'>menses</span> <span class='ocrx_word' id='word_1_202' title='bbox 584 3096 736 3177; x_wconf 86' lang='lat' dir='ltr'>aliosque</span> <span class='ocrx_word' id='word_1_203' title='bbox 754 3096 895 3159; x_wconf 87' lang='lat' dir='ltr'>bonores</span> <span class='ocrx_word' id='word_1_204' title='bbox 909 3096 1073 3177; x_wconf 76' lang='lat' dir='ltr'>contulit)</span> <span class='ocrx_word' id='word_1_205' title='bbox 1093 3105 1128 3161; x_wconf 91' lang='lat' dir='ltr'>et</span> <span class='ocrx_word' id='word_1_206' title='bbox 1144 3098 1236 3164; x_wconf 84' lang='lat' dir='ltr'>Veri.</span> <span class='ocrx_word' id='word_1_207' title='bbox 1258 3098 1309 3185; x_wconf 85' lang='lat' dir='ltr'>(v.</span> <span class='ocrx_word' id='word_1_208' title='bbox 1324 3102 1391 3167; x_wconf 85' lang='lat' dir='ltr'>Ca·</span> 
     </span>
     <span class='ocr_line' id='line_1_27' title="bbox 292 3192 1391 3278; baseline 0.008 -20"><span class='ocrx_word' id='word_1_209' title='bbox 292 3192 421 3278; x_wconf 88' lang='lat' dir='ltr'>pitulin.</span> <span class='ocrx_word' id='word_1_210' title='bbox 442 3194 478 3256; x_wconf 92' lang='lat' dir='ltr'>in</span> <span class='ocrx_word' id='word_1_211' title='bbox 491 3194 563 3257; x_wconf 74' lang='lat' dir='ltr'>vita</span> <span class='ocrx_word' id='word_1_212' title='bbox 576 3192 698 3257; x_wconf 80' lang='lat' dir='ltr'>Antan.</span> <span class='ocrx_word' id='word_1_213' title='bbox 716 3192 844 3257; x_wconf 85' lang='lat' dir='ltr'>Philus.</span> <span class='ocrx_word' id='word_1_214' title='bbox 865 3214 895 3258; x_wconf 89' lang='lat' dir='ltr'>c.</span> <span class='ocrx_word' id='word_1_215' title='bbox 910 3194 943 3257; x_wconf 76' lang='lat'>2.</span> <span class='ocrx_word' id='word_1_216' title='bbox 959 3201 993 3259; x_wconf 85' lang='lat' dir='ltr'>et</span> <span class='ocrx_word' id='word_1_217' title='bbox 1005 3195 1089 3259; x_wconf 83' lang='lat' dir='ltr'>Veri</span> <span class='ocrx_word' id='word_1_218' title='bbox 1103 3217 1134 3262; x_wconf 94' lang='lat' dir='ltr'>c.</span> <span class='ocrx_word' id='word_1_219' title='bbox 1148 3198 1182 3263; x_wconf 73' lang='lat' dir='ltr'>a.</span> <span class='ocrx_word' id='word_1_220' title='bbox 1206 3198 1334 3268; x_wconf 87' lang='lat' dir='ltr'>Auson.</span> <span class='ocrx_word' id='word_1_221' title='bbox 1355 3204 1391 3267; x_wconf 88' lang='lat' dir='ltr'>in</span> 
     </span>
     <span class='ocr_line' id='line_1_28' title="bbox 293 3293 1391 3384; baseline 0.011 -28"><span class='ocrx_word' id='word_1_222' title='bbox 293 3298 375 3376; x_wconf 78' lang='lat' dir='ltr'>grat.</span> <span class='ocrx_word' id='word_1_223' title='bbox 391 3301 467 3373; x_wconf 83' lang='lat' dir='ltr'>act,</span> <span class='ocrx_word' id='word_1_224' title='bbox 489 3293 645 3360; x_wconf 86' lang='lat' dir='ltr'>Macrob.</span> <span class='ocrx_word' id='word_1_225' title='bbox 660 3294 730 3359; x_wconf 85' lang='lat' dir='ltr'>Sat.</span> <span class='ocrx_word' id='word_1_226' title='bbox 747 3312 780 3359; x_wconf 83' lang='lat' dir='ltr'>v.</span> <span class='ocrx_word' id='word_1_227' title='bbox 796 3296 829 3359; x_wconf 92' lang='lat' dir='ltr'>l.</span> <span class='ocrx_word' id='word_1_228' title='bbox 846 3300 879 3359; x_wconf 91' lang='lat' dir='ltr'>et</span> <span class='ocrx_word' id='word_1_229' title='bbox 899 3296 1005 3379; x_wconf 86' lang='lat' dir='ltr'>ipsius</span> <span class='ocrx_word' id='word_1_230' title='bbox 1021 3296 1195 3365; x_wconf 83' lang='lat' dir='ltr'>Frontonis</span> <span class='ocrx_word' id='word_1_231' title='bbox 1212 3300 1326 3384; x_wconf 82' lang='lat' dir='ltr'>Epist.</span> <span class='ocrx_word' id='word_1_232' title='bbox 1344 3303 1391 3367; x_wconf 86' lang='lat' dir='ltr'>ad</span> 
     </span>
     <span class='ocr_line' id='line_1_29' title="bbox 295 3392 1388 3481; baseline 0.01 -22"><span class='ocrx_word' id='word_1_233' title='bbox 295 3394 448 3459; x_wconf 78' lang='lat' dir='ltr'>Marcum</span> <span class='ocrx_word' id='word_1_234' title='bbox 468 3416 522 3479; x_wconf 92' lang='lat' dir='ltr'>ap.</span> <span class='ocrx_word' id='word_1_235' title='bbox 546 3392 691 3479; x_wconf 82' lang='lat' dir='ltr'>Charis.)</span> <span class='ocrx_word' id='word_1_236' title='bbox 712 3394 898 3460; x_wconf 78' lang='lat' dir='ltr'>Antoninus</span> <span class='ocrx_word' id='word_1_237' title='bbox 910 3414 990 3461; x_wconf 82' lang='lat' dir='ltr'>vero</span> <span class='ocrx_word' id='word_1_238' title='bbox 1006 3397 1062 3463; x_wconf 91' lang='lat' dir='ltr'>ille</span> <span class='ocrx_word' id='word_1_239' title='bbox 1084 3402 1232 3481; x_wconf 81' lang='lat' dir='ltr'>regnavit</span> <span class='ocrx_word' id='word_1_240' title='bbox 1249 3422 1280 3468; x_wconf 90' lang='lat' dir='ltr'>a.</span> <span class='ocrx_word' id='word_1_241' title='bbox 1296 3403 1340 3469; x_wconf 92' lang='lat' dir='ltr'>U.</span> <span class='ocrx_word' id='word_1_242' title='bbox 1357 3424 1388 3470; x_wconf 92' lang='lat' dir='ltr'>c.</span> 
     </span>
     <span class='ocr_line' id='line_1_30' title="bbox 292 3494 1389 3575; baseline 0.01 -13"><span class='ocrx_word' id='word_1_243' title='bbox 292 3496 448 3563; x_wconf 73' lang='lat' dir='ltr'>altana.</span> <span class='ocrx_word' id='word_1_244' title='bbox 460 3516 490 3559; x_wconf 89' lang='lat' dir='ltr'>a.</span> <span class='ocrx_word' id='word_1_245' title='bbox 500 3494 577 3560; x_wconf 81' lang='lat' dir='ltr'>cnr.</span> <span class='ocrx_word' id='word_1_246' title='bbox 588 3496 742 3562; x_wconf 75' lang='lat' dir='ltr'>tal-180.</span> <span class='ocrx_word' id='word_1_247' title='bbox 754 3500 787 3561; x_wconf 86' lang='lat' dir='ltr'>et</span> <span class='ocrx_word' id='word_1_248' title='bbox 799 3502 898 3561; x_wconf 88' lang='lat' dir='ltr'>natus</span> <span class='ocrx_word' id='word_1_249' title='bbox 911 3502 963 3562; x_wconf 90' lang='lat' dir='ltr'>est</span> <span class='ocrx_word' id='word_1_250' title='bbox 975 3518 1006 3564; x_wconf 90' lang='lat' dir='ltr'>a.</span> <span class='ocrx_word' id='word_1_251' title='bbox 1019 3498 1063 3564; x_wconf 89' lang='lat' dir='ltr'>U.</span> <span class='ocrx_word' id='word_1_252' title='bbox 1076 3520 1107 3564; x_wconf 93' lang='lat' dir='ltr'>c.</span> <span class='ocrx_word' id='word_1_253' title='bbox 1122 3501 1198 3567; x_wconf 72' lang='lat' dir='ltr'>sat.</span> <span class='ocrx_word' id='word_1_254' title='bbox 1221 3503 1300 3573; x_wconf 75' lang='lat' dir='ltr'>cnr.</span> <span class='ocrx_word' id='word_1_255' title='bbox 1311 3506 1389 3575; x_wconf 76' lang='lat'>121.</span> 
     </span>
     <span class='ocr_line' id='line_1_31' title="bbox 293 3595 1390 3687; baseline -0.002 -26"><span class='ocrx_word' id='word_1_256' title='bbox 293 3597 421 3680; x_wconf 85' lang='lat' dir='ltr'>aliquot</span> <span class='ocrx_word' id='word_1_257' title='bbox 436 3595 519 3663; x_wconf 85' lang='lat' dir='ltr'>forte</span> <span class='ocrx_word' id='word_1_258' title='bbox 539 3598 710 3666; x_wconf 85' lang='lat' dir='ltr'>mensibus</span> <span class='ocrx_word' id='word_1_259' title='bbox 730 3598 784 3662; x_wconf 89' lang='lat' dir='ltr'>vel</span> <span class='ocrx_word' id='word_1_260' title='bbox 806 3598 892 3663; x_wconf 84' lang='lat' dir='ltr'>adeo</span> <span class='ocrx_word' id='word_1_261' title='bbox 914 3600 1009 3667; x_wconf 75' lang='lat' dir='ltr'>annia</span> <span class='ocrx_word' id='word_1_262' title='bbox 1030 3607 1264 3687; x_wconf 85' lang='lat' dir='ltr'>postmortem</span> <span class='ocrx_word' id='word_1_263' title='bbox 1286 3606 1390 3674; x_wconf 85' lang='lat' dir='ltr'>Jnvs.</span> 
     </span>
     <span class='ocr_line' id='line_1_32' title="bbox 292 3697 1389 3793; baseline 0.012 -32"><span class='ocrx_word' id='word_1_264' title='bbox 292 3697 387 3774; x_wconf 83' lang='lat' dir='ltr'>natis,</span> <span class='ocrx_word' id='word_1_265' title='bbox 410 3698 469 3780; x_wconf 93' lang='lat' dir='ltr'>qui</span> <span class='ocrx_word' id='word_1_266' title='bbox 492 3697 536 3762; x_wconf 87' lang='lat' dir='ltr'>ad</span> <span class='ocrx_word' id='word_1_267' title='bbox 557 3718 719 3762; x_wconf 87' lang='lat' dir='ltr'>summam</span> <span class='ocrx_word' id='word_1_268' title='bbox 742 3699 828 3763; x_wconf 85' lang='lat' dir='ltr'>vixit</span> <span class='ocrx_word' id='word_1_269' title='bbox 846 3705 1054 3766; x_wconf 87' lang='lat' dir='ltr'>senectutem.</span> <span class='ocrx_word' id='word_1_270' title='bbox 1098 3702 1185 3783; x_wconf 86' lang='lat' dir='ltr'>Quis</span> <span class='ocrx_word' id='word_1_271' title='bbox 1199 3708 1311 3793; x_wconf 86' lang='lat' dir='ltr'>itaque</span> <span class='ocrx_word' id='word_1_272' title='bbox 1325 3710 1389 3774; x_wconf 89' lang='lat' dir='ltr'>sihi</span> 
     </span>
     <span class='ocr_line' id='line_1_33' title="bbox 291 3796 1388 3887; baseline 0.013 -27"><span class='ocrx_word' id='word_1_273' title='bbox 291 3796 499 3881; x_wconf 85' lang='lat' dir='ltr'>persuadeat,</span> <span class='ocrx_word' id='word_1_274' title='bbox 511 3800 681 3884; x_wconf 86' lang='lat' dir='ltr'>utriusque</span> <span class='ocrx_word' id='word_1_275' title='bbox 695 3804 932 3887; x_wconf 83' lang='lat' dir='ltr'>praeceptorem</span> <span class='ocrx_word' id='word_1_276' title='bbox 946 3801 1048 3869; x_wconf 82' lang='lat' dir='ltr'>inisse</span> <span class='ocrx_word' id='word_1_277' title='bbox 1063 3804 1259 3871; x_wconf 86' lang='lat' dir='ltr'>Frontonem</span> <span class='ocrx_word' id='word_1_278' title='bbox 1274 3810 1388 3874; x_wconf 84' lang='lat' dir='ltr'>illumi</span> 
     </span>
    </p>

    <p class='ocr_par' dir='ltr' id='par_1_7' title="bbox 291 3894 1388 4281">
     <span class='ocr_line' id='line_1_34' title="bbox 336 3894 1388 3990; baseline 0.014 -30"><span class='ocrx_word' id='word_1_279' title='bbox 336 3896 489 3962; x_wconf 83' lang='lat' dir='ltr'>Ceterum</span> <span class='ocrx_word' id='word_1_280' title='bbox 516 3902 545 3962; x_wconf 89' lang='lat' dir='ltr'>si</span> <span class='ocrx_word' id='word_1_281' title='bbox 573 3894 667 3982; x_wconf 82' lang='lat' dir='ltr'>pater</span> <span class='ocrx_word' id='word_1_282' title='bbox 693 3900 805 3985; x_wconf 66' lang='lat' dir='ltr'>poetae</span> <span class='ocrx_word' id='word_1_283' title='bbox 831 3904 935 3966; x_wconf 83' lang='lat' dir='ltr'>nostri</span> <span class='ocrx_word' id='word_1_284' title='bbox 964 3901 1096 3989; x_wconf 74' lang='lat' dir='ltr'>locuples</span> <span class='ocrx_word' id='word_1_285' title='bbox 1125 3904 1286 3971; x_wconf 79' lang='lat' dir='ltr'>libertinus</span> <span class='ocrx_word' id='word_1_286' title='bbox 1313 3910 1388 3990; x_wconf 74' lang='lat' dir='ltr'>bnt,</span> 
     </span>
     <span class='ocr_line' id='line_1_35' title="bbox 292 3994 1387 4092; baseline 0.014 -32"><span class='ocrx_word' id='word_1_287' title='bbox 292 3994 397 4060; x_wconf 84' lang='lat' dir='ltr'>liliam</span> <span class='ocrx_word' id='word_1_288' title='bbox 424 3998 549 4063; x_wconf 74' lang='lat' dir='ltr'>arbbns</span> <span class='ocrx_word' id='word_1_289' title='bbox 585 4000 774 4066; x_wconf 81' lang='lat' dir='ltr'>liberalibus</span> <span class='ocrx_word' id='word_1_290' title='bbox 802 4000 1024 4088; x_wconf 79' lang='lat' dir='ltr'>honestisque,</span> <span class='ocrx_word' id='word_1_291' title='bbox 1062 4006 1181 4092; x_wconf 88' lang='lat' dir='ltr'>quibus</span> <span class='ocrx_word' id='word_1_292' title='bbox 1213 4009 1387 4089; x_wconf 89' lang='lat' dir='ltr'>nobilium,</span> 
     </span>
     <span class='ocr_line' id='line_1_36' title="bbox 292 4094 1387 4184; baseline 0.017 -26"><span class='ocrx_word' id='word_1_293' title='bbox 292 4094 409 4159; x_wconf 83' lang='lat' dir='ltr'>saltem</span> <span class='ocrx_word' id='word_1_294' title='bbox 428 4100 651 4181; x_wconf 85' lang='lat' dir='ltr'>ingenuorum,</span> <span class='ocrx_word' id='word_1_295' title='bbox 665 4100 760 4163; x_wconf 88' lang='lat' dir='ltr'>liberi</span> <span class='ocrx_word' id='word_1_296' title='bbox 773 4102 1036 4184; x_wconf 85' lang='lat' dir='ltr'>instituebantur,</span> <span class='ocrx_word' id='word_1_297' title='bbox 1052 4108 1261 4173; x_wconf 86' lang='lat' dir='ltr'>imbuendum</span> <span class='ocrx_word' id='word_1_298' title='bbox 1275 4128 1387 4176; x_wconf 84' lang='lat' dir='ltr'>curare</span> 
     </span>
     <span class='ocr_line' id='line_1_37' title="bbox 291 4197 1014 4281; baseline 0.012 -21"><span class='ocrx_word' id='word_1_299' title='bbox 291 4199 439 4279; x_wconf 79' lang='lat' dir='ltr'>poterat3</span> <span class='ocrx_word' id='word_1_300' title='bbox 461 4197 562 4281; x_wconf 86' lang='lat' dir='ltr'>idque</span> <span class='ocrx_word' id='word_1_301' title='bbox 576 4200 710 4265; x_wconf 85' lang='lat' dir='ltr'>omnino</span> <span class='ocrx_word' id='word_1_302' title='bbox 725 4220 863 4266; x_wconf 79' lang='lat' dir='ltr'>curasse</span> <span class='ocrx_word' id='word_1_303' title='bbox 875 4202 1014 4269; x_wconf 70' lang='lat' dir='ltr'>videtu.</span> 
     </span>
    </p>
   </div>
   <div class='ocr_carea' id='block_1_7' title="bbox 0 0 1596 4917">
    <p class='ocr_par' dir='ltr' id='par_1_8' title="bbox 0 0 1596 4917">
     <span class='ocr_line' id='line_1_38' title="bbox 0 0 1596 4917; baseline 0 2"><span class='ocrx_word' id='word_1_304' title='bbox 0 0 1596 4917; x_wconf 95' lang='lat' dir='ltr'> </span> 
     </span>
    </p>
   </div>
  </div>
 </body>
</html>
