3184 4917
276 354 324 421 30
698 423 701 429 ,
800 367 890 415 vrrs

275 513 379 583 mrim
401 512 525 592 Plinio,
538 516 573 578 et
593 509 692 575 setim
705 508 872 575 viaticatus
887 510 1021 587 Plauto,
1037 511 1097 594 qui
1113 511 1179 577 levi
1193 513 1317 578 viatico
1330 515 1379 579 in·

276 623 421 685 stmctus
442 622 503 683 est.
550 616 718 680 Praeterea
738 634 806 679 non
828 622 965 677 semestre
986 616 1138 679 aestivum
1159 615 1242 679 illud
1265 635 1380 681 aurum

275 720 447 797 diceretur,
468 719 528 784 sed
553 717 724 781 trimestre:
746 737 809 782 nec
831 718 918 781 enim
940 736 1002 780 sex
1023 722 1112 781 totos
1133 736 1262 781 menses
1282 717 1381 783 durat

275 830 391 900 aestas,
406 828 444 887 ut
457 841 519 886 nec
534 822 701 885 semestris
714 827 767 884 est
780 821 898 885 biems.
938 817 983 884 At
996 826 1134 882 semestre
1145 837 1257 881 aurum
1269 819 1381 884 annrrli

276 930 363 1001 sunt,
389 942 472 1006 quos
502 923 657 1004 gerebant
683 920 823 985 Tribuni
851 926 1039 999 semestres,
1071 940 1133 1004 pro
1161 920 1281 1003 insigni
1308 940 1380 985 snm

275 1025 453 1105 dignitatis.
498 1024 657 1088 Diximus
673 1022 867 1088 Suetonium
879 1024 985 1096 videri
999 1029 1167 1087 auctorem
1182 1022 1261 1085 vitae
1276 1021 1299 1085 J
1300 1041 1381 1087 uve·

275 1126 372 1204 nalis,
388 1118 487 1209 quam
510 1126 567 1190 alii
591 1125 704 1189 Probo
725 1128 905 1191 ascribunt.
950 1126 1054 1190 Stilus
1074 1125 1110 1189 id
1128 1126 1227 1207 plane
1240 1123 1379 1201 evincit,

275 1220 337 1291 nec
352 1233 512 1309 repugnat
527 1232 622 1291 aetas.
659 1224 953 1292 Adolescentulum
967 1247 1005 1291 se
1025 1226 1130 1290 inisse
1145 1232 1284 1291 testatur
1299 1223 1381 1288 Sue-

155 1322 158 1329 ’
275 1330 387 1419 tonius
402 1328 465 1390 sub
482 1326 664 1392 Domitiani
683 1328 814 1410 imperii
826 1328 936 1406 finem,
952 1347 1029 1393 cmm
1048 1329 1230 1392 exhaustus
1244 1346 1380 1410 operum

275 1446 317 1494 ac
328 1444 497 1493 munerum
511 1428 673 1513 impensis
683 1429 737 1493 ille
749 1429 906 1514 princeps
917 1430 1060 1496 omnium
1074 1430 1163 1494 bona
1174 1428 1379 1505 condeceret,

273 1534 310 1595 et
322 1534 444 1616 praeter
457 1534 584 1594 ceteros
599 1529 621 1595 J
623 1531 777 1595 ndaieum
792 1530 911 1597 liscum
923 1533 1136 1597 acerbissime
1146 1531 1302 1613 exigeret,
1314 1550 1383 1613 quo

276 1636 424 1715 tempore
444 1628 618 1695 iuvenalis
639 1632 781 1696 mediam
797 1639 928 1698 aetatem
938 1635 1010 1717 jam
1025 1640 1222 1697 excesserat.
1266 1628 1381 1695 Vitem

275 1732 367 1797 illam
382 1733 436 1797 hic
451 1734 569 1818 paucis
580 1735 855 1811 examinabimus,
865 1741 901 1798 ut
913 1740 1074 1817 quantum
1087 1732 1285 1815 discrepent,
1302 1752 1380 1816 quae

276 1833 324 1897 ibi
340 1832 381 1895 de
394 1831 559 1895 Juvenale
581 1832 751 1897 tradamur
765 1834 808 1896 ab
825 1834 890 1913 lris,
906 1854 983 1918 quae
998 1834 1057 1898 alii
1074 1832 1213 1909 uadunt,
1230 1838 1382 1896 constare

276 1934 393 2017 possit.
438 1932 532 1997 Dicit
545 1932 741 1997 Juvenalem
762 1929 806 1995 ad
819 1931 1030 2019 mediamsere
1044 1943 1164 1997 ertatem
1184 1929 1381 2009 declamasse,

193 2088 198 2097 .
277 2032 376 2095 animi
390 2042 511 2095 tautum
534 2054 637 2095 causa.
682 2032 766 2099 Cum
782 2034 977 2120 octogenario
994 2036 1099 2119 major
1119 2034 1249 2111 obierit,
1270 2034 1384 2098 media

278 2134 676 2219 aetnsejusquadraginta
691 2135 1200 2200 circiterennisdeliniendaest
1236 2135 1382 2200 Tanam-

278 2236 353 2299 dem
375 2237 447 2313 erit,
461 2238 592 2301 etiamsi
614 2238 744 2318 triginta
763 2239 818 2302 vel
838 2241 949 2303 minus
965 2239 1066 2303 etiam
1083 2256 1200 2322 ponae.
1245 2232 1382 2315 Deinde,

276 2336 392 2419 iuquit,
420 2356 588 2417 paucorum
613 2356 754 2399 certunm
778 2336 888 2401 Satira
909 2357 972 2401 aen
996 2337 1128 2401 absurde
1153 2337 1319 2421 compositu
1347 2338 1386 2400 ier

279 2434 431 2500 Paridem
458 2438 680 2520 pantomimum
704 2438 887 2526 po'e'tamqae
913 2443 977 2527 qus
1009 2438 1201 2503 rurestribus
1230 2437 1384 2503 miiitiaiis

277 2548 452 2616 merrtem,
482 2537 536 2601 troc
564 2560 660 2626 gemus
684 2544 843 2625 scripturas
883 2534 1069 2605 industriose
1102 2540 1242 2605 recoluit.
1297 2541 1385 2606 Post

277 2640 418 2705 mediam
442 2641 555 2724 itaque
571 2648 702 2706 aetatem
723 2644 766 2707 ad
780 2643 988 2709 scribendam
1005 2646 1143 2710 satiram
1157 2645 1301 2708 animum
1320 2662 1381 2727 ap·

277 2744 374 2828 pulit.
419 2742 516 2807 Puris
526 2745 581 2809 ille
596 2745 659 2808 sub
675 2745 866 2811 Domitiano
880 2747 1003 2811 tloruit.
1048 2746 1157 2811 Petita
1169 2745 1244 2829 ejus
1254 2746 1381 2809 Statius

277 2850 338 2923 est,
358 2866 456 2928 quem
483 2845 602 2910 Paridi·
618 2845 756 2929 Agaven
777 2849 973 2931 tragoediam
994 2868 1016 2912 a
1034 2868 1072 2913 se
1093 2848 1384 2931 compositumne

278 2948 429 3023 esuriret,
445 2946 633 3011 vendidisse
647 2968 689 3012 ea
703 2949 814 3014 Satira
830 2968 893 3014 vrr.
908 2951 1173 3034 assenserat
1194 2948 1381 3013 turmalis.

277 3046 368 3111 Tota
392 3066 469 3126 ergo
496 3046 553 3109 illa
581 3048 691 3111 Satira
718 3049 904 3127 iuvenalis,
931 3068 1032 3133 quam
1064 3052 1205 3131 primam
1236 3051 1381 3113 omniurn

278 3144 421 3229 scripsit,
437 3148 471 3207 in
487 3145 641 3209 Paridem
652 3150 890 3229 pantomimum
903 3150 1031 3211 vibrata
1040 3154 1103 3224 ost,
1113 3166 1213 3229 quam
1221 3155 1255 3210 et
1262 3150 1385 3231 paneis

277 3248 427 3311 versibus
452 3246 639 3311 constitisse
663 3246 744 3313 dicit
762 3256 888 3312 auctor.
934 3248 1005 3312 Hic
1029 3248 1210 3311 notandum
1232 3253 1295 3324 est,
1316 3266 1383 3313 non

278 3347 387 3411 dicere
410 3349 514 3424 illum,
544 3354 679 3431 propter
703 3368 776 3412 eam
802 3349 943 3416 satiram
966 3350 1161 3415 iuvenalem
1186 3352 1221 3413 in
1243 3350 1382 3414 exilium

279 3454 391 3512 actum
406 3449 520 3525 fuisse,
542 3449 631 3531 quod
646 3457 753 3513 tamen
776 3452 834 3513 alii
853 3470 967 3515 omnes
989 3452 1150 3533 scriptum
1170 3450 1383 3533 reliquerunt,

280 3546 361 3627 Dio,
386 3549 521 3627 Suidas,
545 3549 706 3614 Sidonius
735 3548 939 3634 Apollinaris
964 3550 1091 3638 (Carm-
1116 3568 1172 3617 rx.
1197 3549 1290 3631 270.)
1315 3553 1380 3617 hoo

277 3667 386 3740 versu,
401 3652 460 3734 qui
473 3651 496 3715 J
498 3651 671 3715 uvenalern
685 3652 855 3735 designat:

602 3788 762 3878 Iratifuit
779 3761 938 3858 districtus
953 3793 1026 3858 esui
1033 3822 1043 3859 .·

279 3939 371 4021 atqui
385 3936 420 4001 id
438 3942 509 3999 erat
522 3936 586 4001 hoc
604 3938 682 4004 loco
703 3963 767 4006 non
789 3946 1015 4023 omittendum,
1030 3966 1107 4010 cum
1121 3946 1222 4011 altum
1236 3946 1279 4009 de
1289 3964 1331 4009 ea
1345 3965 1380 4009 re

279 4038 513 4115 silentium-sit,
533 4058 574 4101 eo
594 4046 740 4108 maxime
766 4047 854 4121 loco,
869 4066 937 4129 quo
963 4048 1067 4113 taceri
1086 4068 1150 4113 non
1165 4048 1287 4122 debuit,
1302 4047 1380 4113 inde

279 4137 430 4221 colligere
442 4138 532 4217 licet,
546 4158 613 4203 non
627 4146 703 4208 tunc
726 4148 895 4229 temporis,
911 4167 974 4211 nec
989 4154 1123 4231 propter
1132 4148 1168 4213 id
1183 4147 1276 4213 Urbe
1289 4166 1378 4215 snm-
