3184 4917
748 397 947 446 Excessus

637 695 1060 819 nxcnnsos

708 970 1007 1059 mmmm

343 1257 458 1325 Jaceat
475 1255 622 1323 Laconas
642 1256 677 1322 ia
698 1256 796 1324 hortis
819 1258 1017 1323 Marmoreas
1030 1260 1083 1326 12.
1098 1261 1151 1325 14.
1165 1267 1201 1332 ct
1213 1262 1263 1326 ita
1276 1259 1403 1324 emend.

299 1361 445 1426 Gronov.
460 1359 564 1426 Obss.
586 1378 642 1425 ιιι.
664 1363 718 1426 13.
740 1367 824 1427 extr.
846 1363 965 1444 probb.
988 1361 1103 1426 Burm.
1129 1359 1174 1426 ad
1202 1359 1337 1425 Anthol.
1360 1375 1402 1423 ιι.

298 1484 333 1546 p·
347 1463 401 1529 66.
413 1470 447 1527 et
467 1463 627 1528 Schurzfi.
647 1466 705 1548 qui
727 1464 886 1529 audacter
895 1469 1001 1528 totum
1022 1464 1056 1527 h.
1082 1463 1105 1529 l.
1125 1463 1175 1528 ita
1196 1461 1402 1544 corrigebat:

288 1566 397 1652 jaceat
416 1561 563 1629 Laconas
584 1564 618 1628 in
644 1564 740 1629 hortis
762 1563 970 1631 Marmoreas.
1018 1562 1067 1630 Sit
1093 1563 1229 1630 Serrano
1258 1563 1405 1648 tensaque

299 1663 403 1729 Saleio
430 1663 543 1728 Gloria
559 1675 649 1729 tanta
665 1665 747 1742 licet,
772 1665 849 1750 qaid
868 1672 931 1733 eet.
955 1673 993 1732 ut
1014 1669 1175 1732 sententia
1196 1667 1229 1731 h.
1252 1666 1276 1731 l.
1296 1662 1404 1730 esset:

296 1773 426 1834 statuas
440 1767 550 1854 poetis
563 1770 693 1853 positas
706 1788 771 1833 non
785 1770 913 1834 solvere
928 1789 976 1835 aes
985 1770 1137 1845 alienum,
1147 1787 1214 1852 quo
1223 1772 1403 1857 teneantrrr.

297 1869 378 1949 Sed,
393 1875 432 1934 nt
443 1869 512 1933 alia
525 1875 665 1948 taceam,
680 1871 727 1934 ita
741 1876 828 1935 certe
848 1880 906 1934 stet
926 1870 1103 1934 dicendum
1117 1875 1197 1948 erat,
1211 1888 1276 1933 non
1279 1868 1402 1954 jaceat.

298 1969 357 2035 Sic
372 1991 469 2034 careas
484 1979 518 2032 ot
533 1980 592 2034 stes
612 1989 666 2053 ap.
684 1970 807 2036 Horat.
824 1970 894 2036 Sat.
910 1988 949 2034 ιι.
961 1971 994 2036 3.
1011 1971 1086 2036 183.
1258 2002 1263 2011 ·

341 2069 387 2134 Et
401 2092 463 2156 pro
491 2081 524 2134 at
544 2074 599 2137 11.
613 2073 723 2137 1425.
746 2074 801 2138 27.
816 2073 871 2138 30.
894 2075 1007 2138 4550.
1032 2073 1143 2138 5463.
1162 2073 1277 2138 65-69.
1288 2071 1402 2139 71-73.

296 2172 350 2238 sed
379 2174 526 2247 malebat
547 2173 695 2239 Gronov.
721 2175 744 2238 l.
763 2173 970 2238 l.-Sarraao
997 2175 1051 2239 11.
1070 2173 1185 2240 1821.
1200 2174 1255 2239 23.
1276 2175 1331 2238 24.
1345 2173 1401 2239 28.

298 2273 353 2340 30.
371 2276 426 2341 59.
440 2275 554 2340 61-63.
601 2274 723 2341 Saraao
736 2277 790 2342 27.
806 2277 921 2343 46-48.
936 2279 990 2342 54.
1012 2277 1067 2342 58.
1082 2277 1137 2342 64.
1182 2273 1330 2338 Saraaao
1347 2273 1402 2340 22.

269 2371 271 2374 ’
298 2375 418 2441 Gentis
433 2376 548 2443 Atiliae
562 2398 742 2460 cognomen
763 2381 798 2442 in
813 2380 923 2443 nnmis
937 2386 971 2444 et
982 2397 1131 2443 marmm.
1177 2376 1336 2440 Sarranae
1350 2376 1403 2441 vel

300 2475 442 2540 Soranos
455 2479 619 2556 scribitur,
634 2485 668 2543 et
682 2499 705 2543 a
724 2479 864 2545 devictis
880 2477 1040 2558 Sarranis,
1051 2480 1174 2563 Tyriis,
1183 2478 1275 2564 (nam
1288 2477 1402 2557 Sarra,

300 2595 378 2657 ηις,
404 2579 550 2661 priscum
571 2579 654 2660 Tpri
675 2597 806 2657 nomen,
830 2580 872 2641 de
894 2596 963 2662 qno
978 2599 1010 2643 v.
1024 2579 1111 2643 Geli.
1138 2596 1219 2643 xrv.
1241 2574 1292 2662 5.)
1310 2577 1344 2640 h.
1369 2597 1402 2642 e.

298 2679 426 2757 Poenis,
452 2678 506 2742 vel
536 2679 647 2761 potius
679 2661 700 2743 a
739 2677 891 2757 Sarrano,
922 2680 1058 2762 antiquo
1080 2679 1229 2745 Umbriae
1263 2679 1402 2763 oppido,

296 2781 398 2867 (unde
426 2777 614 2842 Sarranates
635 2781 718 2845 dicti
742 2781 833 2847 Plin.
856 2778 1210 2865 111.14.)deducitura
1231 2781 1400 2847 Drakenb.

300 2883 344 2948 ad
359 2883 419 2946 Sil.
436 2899 486 2944 νι.
497 2881 550 2946 62.
565 2889 599 2946 et
613 2881 764 2949 Perizon.
781 2882 962 2949 Animadv.
977 2885 1055 2949 hist.
1078 2903 1109 2949 c.
1124 2885 1156 2948 1.
1178 2904 1214 2967 p.
1224 2885 1279 2949 24.
1295 2889 1330 2949 et
1345 2885 1399 2950 33.

298 2984 356 3050 ubi
381 2984 572 3049 doctissime
595 2984 636 3047 de
664 2983 792 3073 familia
817 2988 923 3068 agitor
951 2984 1057 3050 Atilia
1084 2987 1244 3071 multique
1274 3005 1400 3080 encres

295 3085 447 3169 vulgares
460 3084 648 3149 refutantur.
692 3085 872 3168 Vulgatam
894 3092 1011 3151 eontra
1024 3088 1221 3170 scripturam
1246 3084 1400 3151 Serranus

296 3192 423 3252 arentur
443 3187 564 3250 Heins.
582 3186 626 3249 ad
648 3184 745 3268 Virg.
770 3187 848 3251 AEn.
869 3204 921 3260 vr.
946 3187 1020 3251 845.
1044 3193 1079 3250 et
1099 3188 1167 3265 alii,
1187 3189 1245 3271 qui
1266 3194 1401 3271 propter

240 3335 242 3340 ⁷
296 3287 478 3363 historiam,
502 3306 546 3349 ex
569 3285 641 3350 Cic.
661 3286 765 3351 Rosa.
787 3284 899 3352 Amor.
923 3287 1022 3352 c.18.
1064 3287 1152 3352 Plin.
1178 3291 1344 3354 xv111.3.
1365 3295 1401 3353 et

295 3387 408 3452 Valer.
425 3387 520 3451 Max.
547 3405 597 3450 ιν.
619 3389 651 3451 4.
669 3390 701 3451 5.
721 3390 938 3467 notissimam,
961 3388 1066 3454 Atilio
1087 3391 1151 3453 hoc
1174 3408 1355 3472 cognomen
1377 3409 1401 3455 a

294 3488 418 3553 serendo
439 3488 549 3553 datum
564 3496 692 3572 putant.
736 3491 791 3555 Ita
812 3499 922 3557 tamen
937 3488 1078 3571 Serenus,
1093 3493 1145 3556 vel
1162 3487 1297 3554 Seranas
1310 3500 1400 3559 certe

296 3589 685 3657 dicendumst—sala
699 3613 759 3676 pro
776 3591 881 3656 Saleio
901 3586 955 3659 71'.
1001 3591 1110 3671 Sation
1123 3595 1177 3658 48.
1218 3591 1329 3660 Saliae
1345 3596 1400 3661 rel

295 3691 395 3757 salino
416 3712 587 3776 perperam
607 3695 717 3760 16-12.
733 3696 845 3759 14-17.
859 3696 973 3760 1824.
987 3697 1042 3760 45.
1062 3698 1118 3761 46.
1131 3697 1244 3762 til-63.
1263 3703 1297 3760 et
1313 3698 1399 3762 forte

295 3801 392 3860 vetus
421 3794 531 3858 Schol.
554 3797 653 3878 cnjus
677 3796 787 3878 glossa
811 3816 855 3860 ex
881 3799 1047 3861 emendat.
1072 3796 1163 3862 Pith.
1184 3803 1217 3862 et
1237 3797 1399 3862 Sohar-all.

295 3897 345 3962 sic
369 3896 507 3980 legenda
530 3896 677 3962 videtur:
703 3896 879 3968 ‘Nomina
905 3905 981 3960 sunt
1007 3896 1178 3981 poetarum
1197 3917 1398 3982 pauperom3

296 4003 354 4062 aut
371 4017 393 4061 a
415 3999 548 4060 Serrano
571 4018 652 4062 vase
676 3997 781 4077 fictili,
803 3999 837 4061 in
857 4018 923 4082 qno
943 3997 1069 4063 Atilius
1091 3999 1251 4062 Serranus
1269 3999 1398 4064 solebat

296 4099 481 4164 mendicare
510 4098 609 4186 (forte
634 4096 847 4182 manducare).
875 4097 980 4162 Saleio
1003 4099 1042 4184 (f.
1068 4096 1195 4182 Salina)
1218 4097 1322 4162 terrai.-
1350 4101 1399 4166 ait

296 4199 517 4266 mendicorum
541 4201 690 4266 catillum
711 4201 857 4279 fictilem,
876 4203 912 4265 in
933 4221 1001 4287 quo
1017 4221 1070 4282 ea,
1100 4221 1178 4287 qnae
1201 4202 1293 4268 salsa
1308 4207 1396 4281 sunt,
