3184 4917
263 328 308 395 40
769 342 858 391 vrrs

264 488 454 557 contrusus
472 488 590 554 alienis
607 487 790 553 nominibus
811 485 1032 569 supposuerit,
1053 490 1088 551 ct
1100 484 1241 570 quidem,
1253 479 1362 571 qualis

267 588 366 655 Paris
380 590 495 669 suerat,
519 587 709 653 liberiorem.
745 587 867 672 Itaque
882 592 916 651 et
931 582 1039 650 Roma
1055 586 1154 653 firerit
1172 596 1312 671 oportet,
1328 599 1363 654 et

264 712 335 759 sune
360 694 480 758 indolis
504 692 730 775 experimenta
753 688 881 753 dederit
903 688 938 752 in
958 688 1110 775 literatos·
1129 688 1361 756 munificentis-

264 796 371 873 simae,
383 816 459 860 cunr
470 794 643 859 Iuvenalis
656 794 715 858 illa
724 795 759 856 in
769 810 807 857 se
817 789 909 881 diota
918 792 1080 875 suspicari
1088 799 1202 877 posset
1216 793 1362 868 Hadria·

263 915 334 965 nus.
370 896 428 961 Sic
444 900 518 963 ante
538 898 614 961 anui
630 912 765 961 cxvru.
780 894 889 973 tinem,
914 898 973 960 aut
995 911 1097 959 cxrx.
1123 895 1262 973 initium,
1275 897 1360 961 milti

265 999 324 1063 uix
338 999 447 1087 poturit
460 1000 641 1063 inexilium
655 997 839 1062 Iuvenalis.
891 994 974 1061 Erat
986 1001 1107 1075 autern,
1120 1014 1196 1061 cum
1205 974 1381 1080 relegare-¹

264 1105 327 1177 tur,
351 1096 573 1185 octogenarius.
609 1098 753 1164 Proinde
773 1108 864 1161 natur
883 1098 984 1163 fuerit
1006 1097 1061 1161 vel
1086 1100 1163 1163 anni
1189 1115 1361 1166 xxxviii.

263 1200 338 1279 fine,
361 1202 415 1265 vel
440 1216 581 1267 xxxix.
605 1202 708 1265 initio.
759 1199 844 1265 Inde
866 1201 994 1283 reliqua
1013 1199 1188 1265 luvenalis
1213 1207 1363 1284 tempora

263 1308 356 1367 erunt
369 1302 576 1368 arcessenda.

307 1401 367 1466 Ait
386 1403 466 1469 vitae
487 1402 617 1473 Auctor
646 1404 715 1468 ‘ad
740 1403 883 1469 mediam
894 1400 970 1488 sere
992 1407 1123 1471 aetatem
1149 1403 1363 1480 declamasse,

265 1504 367 1569 animi
379 1507 486 1587 magis
508 1524 623 1586 causo,
638 1525 738 1591 qnam
749 1507 838 1589 qnod
851 1505 976 1573 scholae
990 1509 1048 1569 aut
1059 1504 1130 1569 faro
1144 1506 1363 1588 praepareret'

264 1602 468 1689 Suffragatur
503 1612 535 1672 et
561 1608 646 1693 ipse,
680 1628 757 1673 cnm
786 1608 836 1672 ait
862 1627 892 1670 se
919 1604 1077 1669 consiliam
1110 1602 1223 1667 dedisse
1255 1602 1364 1687 Sulla,

258 1703 457 1788 prisciasci
473 1704 574 1773 allam
586 1706 744 1773 dormiret.
766 1706 854 1791 (Sat.
865 1704 970 1788 nlo.)
991 1704 1096 1769 Plane
1111 1703 1364 1770 declamatorium

264 1806 346 1875 illud
370 1813 440 1871 erat
462 1815 697 1891 argumentum.
742 1806 824 1870 Inde
837 1804 1002 1890 facundia
1026 1807 1265 1870 nomineillum
1277 1808 1363 1872 cele-

262 1908 338 1972 brat
352 1906 528 1975 Martialis.
550 1908 659 1992 (Epig.
676 1924 740 1973 vu.
754 1908 808 1973 91.
824 1909 870 1987 1.)
892 1907 998 1971 Recte
1018 1908 1172 1973 nimirum
1185 1908 1251 1987 ille,
1266 1912 1364 1975 satis-

265 2027 341 2091 que,
356 2028 417 2091 pro
432 2014 615 2093 temporum
632 2010 768 2087 ratione,
790 2026 943 2091 congrue.
987 2005 1097 2073 Media
1110 2010 1197 2073 eninr
1212 2020 1287 2075 atas
1301 2008 1364 2076 Ju-

264 2108 382 2189 venalr'r
395 2111 536 2176 incurret
544 2110 578 2173 in
593 2130 725 2188 annum,
733 2128 794 2194 pro
801 2112 924 2175 nostris
932 2110 1023 2174 hisco
1034 2110 1185 2187 calculis,
1197 2126 1363 2177 uxxvru.

265 2214 319 2277 vel
333 2227 473 2277 cxxix.
487 2212 600 2277 multis
614 2217 709 2277 antea
723 2213 831 2289 annis,
840 2228 941 2295 qnam
955 2212 1176 2277 scriberetilla
1187 2211 1365 2279 Martialis.-

267 2311 334 2375 Scd
347 2312 436 2375 nulla
448 2311 554 2375 adhuc
569 2317 769 2376 memoratur
793 2311 867 2395 ejus
890 2310 1066 2377 celebritas
1081 2332 1153 2386 nra
1164 2313 1311 2397 poetica,
1322 2330 1369 2379 ne

267 2411 398 2494 quidem
421 2431 443 2475 a
473 2408 681 2491 Quintiliano,
702 2413 760 2477 ubi
781 2413 850 2494 ugit
873 2412 914 2476 de
936 2412 1364 2497 sumptoribussrtirarunr.

266 2511 347 2579 Non
359 2512 572 2597 equidem,ut
586 2516 773 2600 suspicatur
795 2512 972 2597 Rigaltiue,
988 2516 1086 2599 quasi
1107 2515 1200 2581 illum
1224 2517 1368 2588 larissa

266 2614 330 2681 hoc
354 2615 431 2697 ipso
454 2614 634 2681 Satirarum
659 2634 757 2699 opere
778 2615 801 2680 J
803 2616 961 2682 uvenaiis.
995 2615 1138 2681 Tarum
1159 2619 1265 2697 abest,
1279 2626 1317 2685 ut
1332 2622 1366 2685 id

266 2717 404 2783 moleste
417 2716 498 2781 serre
522 2724 636 2801 posset
651 2722 772 2796 noster,
791 2724 829 2781 ut
849 2736 929 2783 sane
953 2724 1067 2785 contra
1087 2720 1241 2802 nuspiam
1263 2722 1364 2801 illins,

267 2818 331 2883 nisi
346 2836 421 2883 cum
431 2819 564 2895 honore,
579 2819 768 2882 meminerit
812 2818 879 2883 Sed
893 2826 1004 2884 monet
1016 2835 1130 2885 noster
1137 2822 1289 2887 lectorem
1304 2824 1369 2887 ali<

268 2919 408 3001 quoties,
423 2924 471 2999 (v.
487 2915 626 2996 Quintil.
643 2935 696 2985 11⁴1.
712 2922 743 2985 1.
758 2924 791 2983 et
806 2934 844 2984 x.
859 2921 904 2996 1.)
927 2940 964 2985 se
980 2920 1098 2986 dedita
1119 2942 1223 3005 opera
1234 2942 1257 2987 a
1269 2924 1372 2988 romi:

267 3016 359 3081 raldus
381 3016 548 3083 vicentiam
572 3019 742 3085 abstinere.
780 3018 825 3084 Et
845 3022 958 3085 multis
978 3026 1096 3104 postea
1115 3024 1210 3086 annis
1233 3025 1368 3108 scripsit

268 3118 441 3183 iuvenalis
463 3120 550 3197 illas,
569 3138 654 3202 quas
676 3121 847 3196 habemus,
870 3120 1006 3185 Satires.
1045 3118 1158 3200 Addit
1180 3124 1268 3187 enim
1288 3128 1366 3190 vitae

269 3219 408 3298 Auctor,
426 3228 645 3304 posteaquam
668 3217 943 3284 declamationibus
967 3221 1185 3287 inclaruisset:
1210 3223 1368 3290 ‘Deinde

269 3339 453 3405 paucorum
465 3340 618 3386 versuum
643 3320 754 3387 Satira
776 3338 844 3385 non
856 3320 997 3386 absrude
1011 3323 1197 3407 composita
1217 3325 1252 3387 in
1273 3324 1374 3393 Pari.

269 3420 345 3486 dem
357 3422 594 3504 pantomimum
608 3422 807 3506 politumque
831 3421 963 3487 Claudii
988 3421 1144 3502 Neronis,
1158 3425 1234 3509 ejus
1247 3446 1369 3493 semes·

268 3524 374 3589 tribus
407 3522 568 3591 militiolis
603 3526 787 3601 tumentem,
823 3540 924 3605 genus
964 3524 1137 3607 scripturas
1172 3527 1369 3593 industriose

270 3624 436 3691 excoluit!
490 3624 631 3690 Proinde
661 3622 783 3688 unicam
807 3625 898 3689 illam
923 3625 1026 3691 fluisse
1046 3648 1277 3713 paucorumque
1301 3650 1368 3693 cer·

270 3747 357 3790 ruam
395 3725 533 3791 Satiram
568 3726 683 3805 innuit,
711 3747 812 3811 quam
843 3728 978 3813 primam
1012 3729 1149 3813 scripsit
1173 3729 1368 3797 Iuvenalis:

270 3846 344 3893 eam
371 3848 448 3892 cum
473 3848 534 3891 noa
570 3826 700 3892 absurde
734 3829 930 3913 compositam
965 3830 1037 3913 ipse
1067 3830 1261 3914 judicasset,
1292 3831 1369 3896 inde

271 3930 401 3994 amintes
418 3930 576 4008 sumsisse
598 3928 640 3991 aa
662 3951 755 4016 genus
775 3930 932 4015 scriptm
956 3928 1140 3995 industriosa
1162 3930 1368 3997 excolendum.

273 4028 396 4095 iliansit
427 4037 537 4096 tamen
560 4030 647 4096 intra
674 4034 819 4116 privata·
834 4029 993 4110 Auctoris
1017 4034 1141 4101 scrinia
1163 4033 1271 4115 prima
1291 4033 1369 4116 ejus

272 4130 338 4203 illa.
353 4126 474 4197 irsuoc
496 4132 802 4214 generescribcndi
829 4133 1036 4200 exercitatio.
1092 4132 1189 4200 Adeo
1215 4132 1371 4198 nimirum
