3184 4917
279 396 341 501 58Ι
726 406 774 461 uu
796 412 936 462 sarran

281 561 341 625 bot
355 559 457 635 salsa,
473 557 688 641 versibusque
701 558 893 640 plerumque
904 556 1038 622 alternis
1052 565 1086 623 et
1106 557 1259 621 incomtis
1273 577 1301 623 s.
1317 577 1376 622 ex·

281 659 521 743 temporalibus
546 654 848 741 (αὐτοσχεδιτίτματι)
871 660 1044 742 expressa,
1067 653 1191 742 quihus
1211 659 1380 740 agricolae,

281 762 359 825 vino
373 762 473 844 pleni,
488 763 523 821 et
544 746 776 842 pretereuntes
797 767 832 823 at
852 778 890 823 se
910 760 1052 823 invicem
1072 759 1290 837 lacessebant,
1310 760 1381 823 aui-

280 864 407 927 morum
427 856 622 926 remissione¹
641 867 674 925 et
695 862 1082 927 temulentia'excnsante
1098 860 1237 945 jocandi
1258 866 1291 925 et
1310 861 1382 925 irri-

282 962 380 1027 dendi
401 962 595 1026 licentiam.²
643 951 776 1025 Sensim
794 982 874 1026 vero
896 976 950 1028 ars
971 962 1121 1025 adhiberi
1146 963 1260 1044 coepit,
1282 949 1383 1026 rustiss

283 1065 378 1147 eique
399 1064 549 1128 homiues
571 1063 615 1127 ad
647 1082 815 1127 numerum
829 1063 956 1155 (ῥυθμὸν,
976 1060 1069 1147 μίτρα
1099 1063 1148 1125 καὶ
1173 1059 1326 1147 ἁρμονίαν)
1347 1071 1382 1128 et

284 1178 401 1230 canere
430 1171 463 1229 et
476 1165 670 1249 'gesticulari
692 1156 752 1230 seu
775 1166 898 1230 saltare
923 1163 1108 1230 discebant.
1152 1164 1237 1229 Inde
1263 1162 1382 1242 clerus,

283 1270 342 1352 qui
355 1267 552 1351 principioe
568 1265 697 1349 Satyris
712 1267 939 1351 utplurimum
955 1267 1224 1350 componebatur,
1239 1267 1382 1351 ipsaque

283 1368 398 1452 po'esis
409 1366 554 1453 (θεατρικὴ
565 1369 701 1449 μουσικὴ)
714 1369 873 1451 originem
888 1366 1008 1433 duxit.³
1033 1368 1172 1451 Duplex
1181 1374 1289 1433 autem
1299 1366 1382 1431 illud

283 1469 489 1534 canticorum
503 1488 606 1551 genus
620 1470 779 1553 paulatim
804 1470 971 1534 scenicam
987 1468 1273 1553 dramaticamque
1288 1468 1384 1535 Grae·

285 1590 401 1635 corum
427 1578 542 1648 artem,
568 1576 601 1635 et
629 1566 769 1636 alterum
793 1570 926 1654 quidem
954 1569 1122 1656 tragedias
1161 1568 1335 1656 (τραγῳδίας
1355 1590 1383 1634 s.

225 1666 237 1679 ’
284 1672 454 1761 respuitur)
483 1674 624 1737 alierum
649 1664 815 1737 c'omaedr'us⁷
833 1670 1007 1758 (κωμῳδίας)
1026 1676 1182 1757 pepones
1235 1674 1289 1737 Ex
1318 1673 1384 1738 illis

284 1774 579 1858 praeterea'choris
604 1774 806 1859 Satyrorum,
822 1792 907 1857 quos
930 1774 1053 1857 priscis
1077 1774 1282 1855 temporibus
1301 1775 1385 1839 ruri-

286 1877 381 1952 colae,
426 1874 506 1939 vino
527 1877 715 1960 gaudioque
746 1875 942 1951 exultantes,
965 1874 1118 1957 omnique
1141 1868 1331 1940 dicacitatis
1353 1881 1386 1941 et

191 2044 194 2051 ,
285 1977 475 2061 pebrlantiae
489 1996 604 2059 genere
619 1978 722 2041 risum
744 1972 881 2053 cientes,
903 1976 1054 2059 agebant,
1075 1981 1162 2040 natae
1190 1982 1266 2041 sunt
1292 1975 1387 2065 Saly-

285 2076 356 2140 rice
380 2077 574 2143 Graecorum
592 2076 732 2165 subola,
764 2097 853 2162 quae,
878 2082 1171 2160 cum‘argumento
1199 2078 1388 2160 tragoediis,

286 2180 530 2264 compositione
554 2179 730 2245 comoediis
748 2180 912 2264 proximae
933 2184 1054 2257 essent,
1076 2180 1206 2244 illarum
1228 2182 1387 2246 severita-

278 2284 351 2343 tem
377 2280 490 2344 harum
511 2281 674 2345 hilaritate
697 2282 931 2364 temperabant,
958 2287 992 2345 et
1025 2299 1092 2344 uon
1117 2282 1165 2344 ita
1185 2281 1288 2345 mrdto
1308 2287 1387 2364 post

285 2380 466 2465 'Ihespidis
487 2380 871 2465 inventoristemporain
894 2383 1035 2446 scenicis
1051 2382 1250 2464 tragicorum
1271 2382 1387 2466 poeta-

285 2502 357 2545 rum
370 2484 600 2547 certaminibus
613 2504 641 2548 s.
654 2476 868 2569 τετραλογίας,
881 2504 957 2567 quae
977 2484 1083 2548 tribus
1104 2483 1200 2548 festis
1212 2484 1388 2549 Bacchicis

285 2584 341 2647 vel
357 2583 567 2667 Liberalibus
576 2583 745 2663 (Διονυσίοις
757 2588 815 2660 τοῖς
833 2588 861 2647 ἓν
882 2585 1014 2668 Λίμναις,
1025 2588 1083 2659 τοῖς
1101 2588 1166 2649 κατ’
1179 2582 1255 2648 ἄστυ
1276 2591 1310 2649 et
1329 2586 1388 2657 τοῖς

288 2688 353 2749 κατ’
376 2684 498 2773 ἀγροὺς)
519 2687 779 2765 celebrabantur,
801 2689 895 2752 trinis
919 2686 1100 2769 tragoediis,
1123 2686 1296 2751 abeodem
1313 2706 1389 2770 pro-

286 2790 408 2874 positis
430 2790 532 2873 poeta
553 2796 586 2855 et
606 2796 793 2875 argumento
826 2792 894 2855 tere
914 2790 1002 2854 haud
1023 2790 1225 2873 disparibus,
1249 2808 1325 2852 eum
1354 2788 1388 2851 in

288 2891 384 2955 finem
397 2892 551 2977 subjungi
573 2895 733 2972 solebant,
754 2899 792 2958 ut
815 2890 974 2977 quicquid
992 2892 1134 2964 tristitiae
1160 2912 1205 2956 ex
1225 2890 1291 2954 illis
1307 2888 1389 2953 forte

287 2990 439 3056 haustum
462 3001 560 3071 esset,
578 2994 632 3057 his
651 2995 877 3060 relaxaretur·5
929 2992 1057 3057 Praeter
1074 2994 1135 3057 has
1157 2987 1389 3076 vcro'jubuler
1476 3010 1480 3015 ·

289 3090 585 3177 tragico-satyricae,
608 3114 626 3157 e
651 3096 771 3176 quibus
795 3114 860 3158 una
884 3101 1020 3168 tantum,
1034 3092 1182 3176 Cyclops
1205 3091 1389 3176 Euripidis,

287 3202 412 3284 integra
423 3208 583 3285 superest,
603 3201 695 3265 fluere
704 3204 804 3266 etiam
819 3199 1117 3285 comico-satyrice‚⁶
1128 3219 1195 3265 non
1208 3221 1229 3265 a
1241 3201 1388 3283 tragicis,

789 3374 895 3428 NOTAE

321 3504 392 3557 dci.
410 3506 469 3556 loca
485 3505 699 3570 elesavlrpoe.
718 3518 749 3554 u.
768 3509 816 3554 nea
892 3502 1003 3555 beent.
1033 3503 1212 3554 carehlib.
1242 3517 1261 3556 r.
1289 3517 1313 3554 e.
1339 3507 1395 3555 aa.

289 3596 345 3647 sqq.
378 3582 471 3632 Horat.
492 3581 576 3645 Epist.
599 3594 629 3630 ιι.
647 3586 671 3631 1.
693 3584 741 3630 139
760 3596 816 3645 sqq.
850 3582 918 3645 inpr.
935 3598 962 3645 p.
984 3585 1100 3631 lar-12⁵.
1140 3581 1224 3631 Bnhle
1239 3582 1258 3631 l.
1278 3580 1295 3631 l.
1314 3574 1391 3630 Eich-

290 3665 318 3707 et
336 3657 428 3707 Tibull.
453 3662 604 3722 r.⁷.8⁵rq.
632 3670 663 3706 rr.
683 3663 706 3706 1.
720 3662 756 3706 '51
778 3672 817 3720 sq.
858 3658 1076 3723 rtaedtp.25rq.
1109 3658 1199 3722 Ftiigel
1218 3659 1248 3707 Τ.
1267 3672 1288 3707 r.
1305 3674 1331 3723 p.
1343 3661 1391 3707 ³87

289 3732 458 3784 scurrilitatis
477 3732 544 3783 illius
565 3734 685 3798 exempla
703 3740 766 3783 nete
785 3750 818 3785 ex
860 3750 916 3799 sqq.
949 3734 1052 3784 Pctteri
1065 3733 1145 3784 Arch.
1157 3735 1205 3783 Gr.
1216 3734 1249 3783 T.
1260 3748 1281 3782 ι.

290 3808 386 3859 Horat.
402 3810 458 3859 Set.
476 3824 496 3859 1.
506 3816 531 3861 ⁶.
542 3814 573 3861 ⁵1
586 3822 625 3875 sq.
642 3816 667 3860 7.
686 3816 698 3861 1
719 3824 759 3876 rq.
785 3816 819 3861 Ὦ
891 3809 951 3861 old
960 3812 1063 3875 quidem
1072 3824 1125 3860 nce
1133 3809 1390 3872 fogltcaarnhenunr

290 3898 330 3949 sq.
362 3886 433 3947 virg.
446 3886 558 3935 Eridu.
859 3894 888 3937 et
901 3888 1092 3949 spanhemium,
1110 3884 1156 3934 sed
1179 3884 1272 3934 leviter
1288 3891 1390 3933 tanturn

324 3960 426 4011 occas.
439 3960 547 4011 Aristot.
561 3963 635 4013 Po'e't.
646 3978 672 4012 c.
682 3968 706 4012 l.
724 3963 819 4013 Tibull.
858 3964 915 4029 (ille
932 3979 956 4025 p.
973 3968 1030 4014 lul.
1045 3964 1087 4011 hic
1104 3976 1131 4026 p.
1153 3962 1213 4022 346)
1226 3975 1279 4009 rem
1296 3960 1392 4023 tetige-

291 4036 334 4087 pp,
858 4048 929 4103 runt,
954 4056 1032 4106 annr
1054 4039 1154 4103 prolixe
1177 4037 1273 4101 primus
1293 4042 1323 4085 et
1340 4050 1391 4085 non

322 4113 380 4168 AV.
389 4112 498 4162 Aristot.
509 4112 525 4161 l.
536 4112 554 4160 l.
565 4118 593 4161 et
603 4112 697 4163 Athen.
706 4128 737 4164 11.
746 4129 772 4178 p.
780 4118 822 4163 4ο.
863 4119 944 4167 minus
952 4116 1083 4181 ingeniose
1091 4128 1168 4181 quam
1179 4111 1256 4162 docte
1268 4110 1392 4161 oneravit

291 4186 333 4237 ed.
345 4188 457 4239 casaub.
466 4187 661 4252 blankenburg.
669 4190 699 4238 Τ.
709 4203 729 4238 r.
740 4202 765 4253 p.
774 4194 822 4238 hol
863 4192 1015 4247 Etebrtredt
1026 4193 1043 4241 l.
1055 4190 1074 4241 1.

293 4280 332 4330 'q'
