3184 4917
613 396 868 447 aomanorum
1246 382 1292 447 63

183 540 235 635 sic
249 538 351 617 dicti3
374 538 544 603 obscoenis
558 538 605 603 illi
628 540 891 624 procacibnsqne
899 540 989 625 jocis
1003 542 1104 627 pleni,
1126 562 1188 608 nec
1208 544 1289 610 ullis

184 640 239 705 vel
261 640 390 705 honesti
413 645 446 704 et
471 638 594 719 decori,
621 643 675 706 vel
696 642 791 707 metri
816 643 944 725 legibus
966 644 1105 722 astricti,
1134 648 1289 730 quamvis

186 740 328 825 rhythmi
358 761 425 807 non
453 741 553 825 plane
580 749 746 826 expertes,
786 762 884 827 quos,
907 749 947 807 ut
972 744 1075 809 rerba
1097 743 1193 811 Ennii
1213 748 1290 811 mea

185 843 319 922 faciam,

469 1048 549 1113 olim
565 1047 675 1113 Fanni
688 1052 852 1132 ratesque
866 1048 1041 1128 canebant,

260 1145 346 1212 Cum
360 1167 467 1232 neque
483 1146 657 1213 Musarum
670 1149 829 1235 scopulos
842 1150 1021 1233 quisquam
1032 1156 1217 1235 superarat,

259 1248 335 1315 Nec
351 1247 433 1315 dicti
448 1250 618 1315 studiosus
634 1258 715 1316 erat.

187 1429 319 1495 Horum
346 1450 502 1497 versuum
522 1452 604 1498 usus
633 1434 788 1517 frequens
818 1440 851 1498 et
877 1434 1047 1501 dintomns
1071 1436 1134 1502 fnit
1155 1398 1289 1515 Romae,

185 1539 258 1597 tum
272 1533 425 1613 infestis,
439 1541 510 1600 tum
522 1537 558 1599 in
572 1536 649 1617 aliis
664 1535 867 1613 solennibus,
880 1539 1052 1621 praecipue
1063 1540 1248 1625 nuptiarum
1258 1545 1291 1603 et

186 1634 433 1719 triumphorum,

260 1800 480 1886 libertasqe
494 1810 694 1869 recurrentes
709 1809 850 1889 accepta
864 1826 924 1888 per
938 1825 1043 1871 annos

260 1904 356 1968 Lusit
370 1904 567 1983 amabiliter,
591 1904 695 1970 donec
715 1905 788 1989 jam
803 1927 917 1972 saerns
929 1914 1077 1991 apertam

261 2004 302 2069 ln
315 2006 441 2070 rabiem
456 2008 540 2071 verti
555 2008 659 2091 coepit
667 2007 779 2092 jocus,
794 2015 829 2072 et
848 2028 909 2093 per
921 2010 1077 2075 honestas

261 2105 314 2170 Ire
329 2107 447 2173 domos
460 2109 594 2191 impune
608 2110 734 2174 minax.
776 2109 927 2177 'Doluere
941 2118 1076 2175 cruento

262 2207 371 2273 Dente
385 2210 550 2292 lacessiti3
572 2210 635 2275 fuit
654 2212 788 2277 intactis
803 2230 939 2297 qnoque
954 2232 1036 2277 cura

260 2308 457 2375 Conditione
472 2328 572 2396 super
587 2316 772 2379 communi:
796 2318 876 2399 quin
890 2317 991 2379 etiam
1004 2316 1062 2378 lex

236 2490 238 2493 Ι
258 2408 435 2495 Poenaque
448 2411 526 2490 lata,
541 2414 629 2477 malo
652 2434 728 2498 quae
745 2415 848 2480 nollet
862 2416 1006 2479 carmine
1022 2436 1209 2502 quenquam

262 2510 436 2579 Describi:
458 2518 581 2579 vertere
596 2514 743 2595 modum,
758 2516 932 2581 formidine
945 2516 1044 2582 fustis

260 2612 316 2678 Ad
336 2614 421 2679 bene
435 2614 607 2680 dicendum
622 2614 916 2702 delectandumque
939 2618 1078 2687 redacti.

190 2778 280 2847 Haeo
295 2787 346 2846 est
358 2783 416 2847 lex
430 2784 488 2848 illa
502 2800 559 2848 x11
575 2782 791 2865 Tabularum,
814 2792 848 2851 et
869 2784 1004 2869 quidem
1025 2783 1114 2850 Tab.
1141 2801 1208 2849 vn.
1254 2781 1297 2846 Si.

189 2880 246 2968 qui
254 2880 365 2967 pipnlo
379 2884 538 2967 (publice,
554 2884 608 2949 rel
623 2884 794 2971 convicio)
809 2884 971 2949 occentent
992 2884 1052 2968 (al.
1071 2881 1294 2966 actitavisset)

149 3058 152 3063 Ι
190 3004 350 3049 curmcnoe
364 2981 502 3063 condicit,
516 2982 600 3071 quod
613 2982 1085 3078 icffqmiomfam‘tflcgitiamce
1098 2982 1295 3072 altcri,fuste
1356 3072 1363 3079 α
1419 3059 1422 3061 ,

180 3082 322 3162 scrito.¹¹
634 3146 637 3151 ,
1294 3155 1298 3164 ⁴

236 3186 426 3253 Eorundem
449 3206 603 3253 versuum
621 3208 703 3253 usus
729 3188 879 3256 Saturum
904 3210 933 3255 s.
959 3186 1100 3253 Satirum
1125 3187 1294 3254 Romano-

189 3308 274 3367 rum,
289 3294 322 3353 et
336 3292 479 3373 primum
494 3286 626 3373 quidem
641 3287 859 3367 dramaticum,
875 3289 993 3354 deinde
1006 3309 1086 3353 vcro
1106 3287 1294 3353 didacticum

192 3410 325 3477 quoqne
339 3370 544 3475 promemus
581 3390 669 3455 Illud
694 3389 791 3455 docet
811 3391 950 3474 insignis
966 3392 1008 3455 de
1022 3392 1147 3475 origine
1161 3393 1208 3456 rei
1222 3410 1301 3455 sce-.

190 3494 278 3558 nicae
293 3495 389 3559 locus
403 3492 491 3558 Livii
506 3508 573 3557 vu.
588 3494 621 3557 2.
637 3512 737 3577 quem
749 3511 917 3577 apponere
931 3494 1029 3557 liceat
1042 3500 1082 3557 et
1096 3492 1214 3575 paucis
1238 3511 1296 3554 an-

191 3593 418 3660 notationibus
439 3594 616 3658 illustrare.
660 3597 675 3685 ¹.
682 3592 725 3656 Et
738 3593 801 3657 hoc
815 3600 849 3657 et
860 3594 1046 3675 insequenti
1067 3610 1165 3668 anno,
1189 3593 1225 3673 [a
1250 3588 1295 3654 U.

193 3714 225 3759 c.
241 3694 334 3776 aba]
357 3693 395 3760 C.
409 3694 559 3779 Sulpicio
573 3694 690 3760 Petico
713 3700 746 3758 et
772 3692 812 3759 C.
837 3694 969 3759 Licinio
995 3692 1130 3757 Stolone
1152 3692 1296 3756 consuli·

192 3797 270 3874 bns,
299 3799 487 3880 pestilentia
521 3796 596 3861 suit.
642 3796 694 3861 Eo
719 3796 803 3859 nihil
832 3796 968 3878 dignum
987 3794 1146 3858 memoria
1172 3798 1302 3869 actum,

193 3898 256 3962 nisi
271 3898 361 3983 quod
374 3898 469 3983 pacis
492 3898 602 3964 Deum
626 3897 850 3982 exposcendae
874 3916 979 3962 causa
1003 3895 1099 3960 tertio
1124 3898 1194 3959 tum
1217 3900 1302 3986 post

690 4060 830 4141 norm)
955 4122 958 4128 ,
1066 4120 1071 4131 ,

227 4178 256 4225 11
274 4176 318 4226 De
335 4176 451 4235 versibus
462 4174 736 4239 Smmdcetfcaem.
768 4176 809 4227 ad
820 4176 912 4228 Horat.
932 4177 1016 4242 Epist.
1035 4189 1067 4226 ιι.
1088 4180 1111 4225 1.
1128 4178 1184 4225 not.
1205 4174 1246 4224 82.
1269 4177 1298 4222 et

196 4250 301 4303 siriaci.
315 4250 426 4303 Cmanb.
444 4266 471 4316 p.
493 4255 548 4301 1⁷7.
566 4258 593 4301 et
610 4249 728 4300 Wieland
767 4255 809 4303 28.
