3184 4917
675 366 726 417 ΔΙ)
749 366 832 419 ΕΔΤ.
854 367 912 417 111.
996 391 1000 405 ι

515 608 519 625 '
582 586 1006 715 excussus

647 854 701 905 AD
718 855 789 908 SAT.
807 856 860 907 111.
877 860 935 907 2³1.

285 1031 373 1099 Vox
387 1031 508 1097 lacerta
520 1032 697 1099 admodum
710 1035 807 1100 torsit
820 1034 1020 1119 interpretes,
1048 1033 1257 1101 Britannicus
1269 1056 1344 1105 eum

242 1138 375 1221 occepit
398 1136 439 1200 de
468 1136 658 1214 vermiculo,
681 1137 714 1201 h.
737 1158 767 1201 e.
795 1158 832 1204 re
856 1138 911 1213 vel
931 1137 1118 1202 levissima:
1148 1136 1343 1219 Farnebius,
1412 1188 1417 1195 -

241 1239 430 1324 Grungaeus
443 1244 477 1303 et
490 1240 547 1305 ulii
561 1240 602 1303 de
617 1240 724 1324 agello
739 1246 796 1305 aut
810 1238 938 1305 hortulo
949 1258 1050 1323 qnam
1062 1238 1207 1318 minimo,
1217 1242 1276 1305 ubi
1290 1242 1345 1307 vel

239 1342 338 1405 usion
350 1342 474 1407 lacerta
486 1342 618 1407 latitare
631 1342 742 1424 possit
756 1361 799 1407 ac
813 1341 1005 1419 discurrere,
1020 1346 1057 1406 ut
1069 1341 1185 1407 solent.
1210 1341 1340 1411 Horum

241 1442 411 1507 sententiae
426 1442 517 1507 luvet
531 1442 681 1507 Martini.
697 1441 798 1526 Epig.
814 1458 875 1528 ιιι.
885 1443 939 1507 19.
964 1443 1074 1527 iisque
1095 1445 1229 1529 praeivit
1246 1449 1344 1509 uetus

241 1542 354 1609 Schol.
380 1544 477 1627 cujus
501 1550 579 1609 notu
601 1550 652 1609 est
678 1544 772 1610 heec:
804 1544 1036 1624 ‘Notandum
1063 1544 1144 1629 quie
1167 1546 1343 1613 foeminino

240 1665 356 1728 genere
370 1646 458 1710 dixit
471 1643 604 1724 lacertc,
618 1666 693 1712 eum
708 1647 870 1731 Virgilius
892 1648 1077 1712 masculino
1090 1647 1176 1711 dixit
1193 1645 1344 1713 lacertos:

240 1754 274 1811 ct
286 1753 345 1812 unt
356 1746 399 1811 ad
414 1749 537 1813 animal
550 1749 670 1827 retulit,
683 1749 762 1831 quia
775 1755 851 1814 sunt
871 1750 908 1813 in
924 1768 1005 1831 ngro
1022 1751 1269 1833 quamplurimi
1286 1755 1345 1814 cut

240 1844 390 1913 lacertum
413 1869 475 1932 pro
493 1850 588 1915 horto
612 1852 736 1934 posuit,
753 1869 813 1933 per
834 1870 933 1935 quem
954 1851 1138 1916 discurrere
1159 1855 1194 1915 et
1214 1850 1345 1916 lntlture

240 1951 433 2016 consuevit?
476 1951 638 2017 Nomrnlli
662 1951 785 2019 incerte
808 1974 869 2038 pro
898 1951 1010 2018 lacerti
1037 1952 1172 2031 dictum,
1201 1953 1256 2018 vel
1279 1952 1344 2017 hoc

239 2053 461 2136 reponendum
488 2060 632 2131 censent,
657 2060 693 2121 ut
719 2060 843 2119 tuntum
868 2054 1058 2136 designetur
1079 2054 1164 2137 egri,
1182 2059 1345 2137 quacum

239 2160 291 2219 est
304 2155 452 2240 spatium
465 2156 588 2219 bruchii
601 2158 683 2220 inter
694 2154 845 2237 scepulse
854 2158 889 2219 et
902 2155 1007 2218 cubiti
1019 2173 1115 2234 ossa3
1131 2154 1344 2237 quemadmo-

237 2255 317 2321 dum
338 2276 402 2333 nos
425 2256 533 2321 dicere
556 2257 711 2335 solemus,
733 2255 784 2320 eiu
806 2252 882 2319 Fun
905 2253 1043 2334 Laudes,
1065 2256 1130 2335 vel,
1154 2253 1219 2319 ciue
1241 2252 1346 2318 Haud

236 2355 303 2423 voll
318 2354 413 2423 Erde.
458 2358 586 2427 Bahrdt
599 2360 647 2423 itu
665 2354 861 2445 παραφςαίζειε
885 2356 1054 2422 dominum
1074 2359 1165 2435 unu,
1181 2362 1341 2441 quantum

238 2460 382 2525 lacertus
411 2461 463 2527 vel
497 2462 666 2527 bruchium
703 2480 820 2527 sanum
851 2459 1050 2544 firmumque
1086 2458 1195 2523 colere
1223 2458 1343 2523 vulcat.

239 2560 400 2629 Heinsius
426 2562 470 2627 nd
494 2560 593 2629 ovid.
620 2562 710 2629 Fust
734 2580 775 2626 11.
789 2562 867 2628 578.
891 2560 1023 2626 omnino
1044 2557 1154 2623 lacerti
1168 2558 1344 2643 legendum

238 2664 376 2748 putabet
399 2664 477 2730 coll.
503 2664 561 2729 ini.
588 2663 759 2729 xrvueo.
797 2664 922 2731 Arnob.
947 2664 971 2728 l.
988 2678 1046 2726 111.
1070 2660 1145 2746 (ubi
1165 2660 1344 2744 Neptunus

238 2786 407 2829 menarum
429 2775 459 2831 ct
477 2763 609 2850 piscium
623 2762 763 2827 domiuus
775 2760 932 2847 vocaun)
945 2768 979 2827 et
993 2760 1141 2825 Martial-
1157 2776 1229 2824 xu.
1242 2761 1297 2826 59.
1312 2760 1344 2826 8.

240 2886 339 2953 quem
352 2888 487 2945 vorsum⁴
497 2870 546 2932 sic
562 2867 777 2931 emendabat:
795 2885 898 2929 meuc
912 2860 1052 2927 dontinus
1062 2858 1257 2946 pediculum,
1271 2861 1304 2925 h.
1314 2882 1344 2928 θ.

240 2970 394 3054 pisciculi
423 2971 553 3047 murini,
582 2988 649 3034 non
672 2970 783 3052 magni
807 2969 917 3052 pretii,
949 2970 1001 3045 (ut
1025 2962 1187 3050 Incertus)
1216 2970 1251 3029 et
1275 2966 1346 3030 sule

240 3071 365 3137 condiri
389 3072 479 3136 soliti
499 3073 534 3136 in
562 3072 651 3145 susis
679 3091 706 3136 s.
730 3072 831 3150 orcis,
855 3068 910 3156 (ut
944 3067 1065 3147 Incerti,
1100 3088 1212 3153 upum,
1237 3088 1346 3133 scom-

239 3176 302 3252 bri,
328 3174 434 3252 siluri,
463 3173 659 3259 pelemides,
689 3193 807 3256 gerres,
833 3171 1007 3251 cordillae‚)
1032 3192 1100 3257 (luo
1128 3173 1347 3237 vescebantur

239 3282 278 3341 ut
307 3277 487 3360 plurimum
515 3274 749 3340 mendicabula
773 3276 941 3341 hominnm
960 3273 1166 3358 pediculosa.
1211 3272 1348 3339 Heiusii

239 3378 498 3445 emendationem
521 3378 679 3461 probavit
702 3376 916 3442 Schraderus.
974 3373 1045 3441 Alii
1067 3396 1147 3441 vero
1171 3379 1348 3459 suspicen-

241 3484 304 3555 tur,
333 3498 395 3562 pro
428 3475 547 3541 Incerta
580 3478 632 3542 vel
665 3474 800 3555 latebre,
830 3478 884 3542 vel
913 3474 1054 3555 lacernc,
1083 3475 1347 3540 substituendum

241 3598 326 3645 esse.

259 3734 263 3742 .
285 3680 381 3747 Nihil
393 3680 511 3747 horum
519 3679 600 3745 mihi
615 3680 788 3758 satisfacit,
803 3684 837 3743 et
855 3678 1047 3743 crediderim
1059 3677 1184 3763 potius,
1198 3675 1348 3741 Juvenu-

239 3784 498 3868 lcmscripsisso
514 3779 658 3857 tnbcruc,
672 3784 705 3847 h.
721 3803 751 3847 e.
769 3802 873 3859 cnsae,
888 3802 956 3864 qno
981 3800 1081 3846 sensu
1104 3779 1249 3844 tabernas
1263 3798 1346 3863 pau·

239 3905 349 3971 perum
364 3892 397 3949 et
410 3885 552 3950 obscurus
575 3886 663 3949 dixit
689 3885 811 3949 Horat.
836 3883 904 3948 0d.
933 3901 957 3948 ι.
982 3885 1014 3948 4.
1035 3884 1090 3947 20.
1113 3888 1146 3947 et
1167 3879 1241 3947 Ast.
1255 3879 1346 3965 poet.

241 3986 333 4066 229.)
361 3994 395 4052 et
424 4008 612 4073 quocumque
640 4006 708 4051 non
733 4006 801 4073 pro
818 3985 935 4073 quovis,
962 3984 1021 4049 sed
1049 4005 1109 4068 pro
1131 3980 1347 4068 qualicumque

237 4090 405 4174 posuisse.
450 4088 622 4173 Quicquid
633 4089 818 4172 verolegus
837 4090 1003 4163 sententis
1021 4088 1055 4153 h.
1070 4088 1093 4152 1.
1115 4091 1183 4152 est:
1205 4090 1346 4170 prestat

243 4190 311 4256 alio
324 4210 534 4276 quocumque
550 4192 627 4257 loco
648 4192 791 4275 agellum
804 4198 838 4258 et
850 4191 1028 4271 hortulum,
1038 4189 1092 4256 vel
1103 4209 1156 4255 res
1175 4194 1292 4255 tenues
1304 4206 1346 4262 uc
