3184 4917
614 403 865 485 6661166666.
1244 430 1289 497 79

183 568 463 651 comparationem
486 568 553 635 ’666
576 570 763 643 admittunt.
807 580 887 646 Non
901 577 1002 649 otiam
1014 576 1284 673 repugnabimus,

181 667 213 729 si
228 669 305 751 quis
319 672 533 753 conoenderit,
549 674 701 758 Ennium,
726 688 758 745 et
772 686 944 768 praecipue
965 680 1132 755 Lucilium
1146 693 1285 779 ejusque

181 768 375 851 imitatores
399 773 536 840 duxisse
561 779 689 845 colores
716 786 881 866 quosdam
903 792 937 851 et
958 790 1047 854 salas
1068 792 1218 860 hausisse
1240 817 1285 861 ex

181 866 378 937 Graecorum
391 880 500 941 vetere
521 882 698 961 comoedia,
713 889 758 963 (v.
781 886 899 952 Horat.
920 888 991 954 Sat
1007 908 1033 956 r.
1048 893 1080 956 4.
1097 896 1128 959 1.
1143 916 1212 980 seq.
1228 900 1282 963 16.

180 970 235 1036 14.
251 991 326 1057 sqq.
349 974 444 1044 Pers.
461 996 486 1043 ι.
502 980 575 1047 123.
591 982 659 1068 sq.)
674 986 813 1065 lambis,
823 989 927 1068 Sillis,
938 997 971 1056 ct
984 992 1104 1058 t'abulis
1120 1002 1283 1082 satyricis.

179 1071 309 1138 Varum
322 1084 500 1162 propterea
511 1100 574 1147 nec
590 1083 702 1150 Graeci
718 1086 846 1153 Satiras
860 1092 1048 1175 scripsisse,
1063 1116 1123 1161 nec
1139 1098 1283 1165 Romani

177 1172 242 1239 bas
255 1176 322 1241 illis
336 1188 491 1263 acceptas
504 1184 654 1250 retulisse
669 1190 823 1252 censendi
845 1197 931 1257 sunt.
976 1192 1143 1262 Praetora
1157 1198 1284 1266 Roma·

178 1294 269 1356 nam,
283 1296 350 1344 non
372 1280 540 1361 Graecam,
564 1285 682 1352 Satirae
707 1291 867 1374 originem
888 1294 1003 1375 fuisse,
1027 1282 1071 1363 ex
1096 1300 1283 1367 historiast

176 1379 255 1462 ipsa
266 1401 396 1465 quoque
405 1386 545 1450 nominis
555 1388 662 1453 forma
669 1394 840 1475 probabile
852 1395 900 1460 fit.
915 1398 1137 1481 Temporibus
1147 1404 1279 1485 priscis,

177 1482 299 1569 quibua
313 1504 374 1550 nec
388 1486 499 1572 Satyri
510 1495 544 1553 et
556 1490 711 1574 Satyrica
724 1494 885 1575 dramata,
895 1501 1033 1565 neculla
1047 1500 1182 1569 Graecae
1197 1504 1280 1589 pob-

176 1602 256 1648 seos
269 1604 396 1667 genera,
414 1588 488 1672 jam
511 1590 718 1658 innotuerant
742 1594 917 1675 Romanis,
938 1602 1088 1666 uersibus
1114 1588 1279 1670 Saturuiis

176 1683 457 1772 Fescenninisquc
467 1691 502 1753 16
516 1710 618 1757 scena
632 1698 796 1760 successit
809 1692 940 1776 Sutura,
953 1705 989 1763 ut
1004 1720 1104 1784 supra
1115 1702 1279 1786 uidimu83

174 1792 211 1850 et
234 1787 309 1852 uaec
337 1788 454 1855 oenoe
482 1794 662 1877 appouoao
690 1802 823 1881 propter
844 1786 1093 1867 srmruaurnem
1121 1804 1277 1888 aequam,

174 1906 252 1970 quae
266 1892 447 1972 argumenti
466 1895 675 1977 potissimum
699 1898 862 1963 varietate
887 1888 1127 1981 continebatur,
1151 1911 1219 1969 tam
1235 1906 1278 1970 ad

172 1988 234 2053 illa
258 1992 437 2055 carminum
461 2012 588 2074 genera,
614 2014 690 2077 quae
714 1999 757 2061 ab
781 1998 901 2077 Ennio,
924 2022 1023 2084 quam
1036 2004 1082 2067 ad
1096 2024 1148 2083 ea,
1163 2023 1278 2089 quma

173 2089 307 2155 Lucilio
321 2093 454 2158 inventa
465 2094 629 2175 dicuntur,
646 2099 688 2161 ab
703 2104 895 2165 auctoribus
916 2121 1029 2168 eorum
1042 2106 1202 2171 trmrslata
1214 2094 1277 2173 est.

172 2189 352 2257 Enimuero
370 2214 477 2277 neque
494 2194 626 2263 Graecis
639 2201 852 2283 scriptoribus
859 2202 934 2267 baec
949 2205 1103 2281 carmina,
1119 2206 1184 2281 vet,
1198 2224 1285 2289 quar·

171 2292 273 2376 vulgo
294 2294 339 2359 iis
359 2296 552 2376 tribuuntur,
565 2300 711 2377 nomina,
729 2298 857 2378 Satura,
875 2299 985 2365 Satira
1007 2309 1041 2368 et
1064 2300 1193 2389 Satyro,
1208 2324 1277 2371 me·

170 2400 351 2473 morantur,
370 2416 478 2481 noque
492 2396 654 2463 Romanis
669 2406 726 2465 aut
743 2400 853 2466 Satira
868 2422 931 2469 sua
952 2423 1098 2488 unquam
1124 2404 1276 2492 satyrice,

171 2500 234 2560 aut
241 2498 384 2581 satyrica
399 2496 594 2563 Graecorum
614 2500 741 2582 potisis,
762 2504 919 2568 stabula
939 2525 968 2571 s.
988 2507 1137 2571 dramata
1160 2508 1278 2574 Sotira

169 2596 226 2661 vel
244 2593 364 2683 Satyro
379 2598 539 2664 dicuntur.
576 2601 721 2665 Romani
734 2622 867 2687 quoque
877 2606 938 2669 vix
951 2606 1053 2670 ullam
1067 2608 1283 2692 satyricarum·

157 2698 365 2793 fibularum,
380 2703 433 2767 vel
445 2704 586 2768 nominis
600 2710 688 2769 certe
702 2706 815 2789 hujus,
838 2710 1037 2775 mentionem
1049 2709 1193 2790 faciunt3
1215 2732 1276 2777 no·
1374 2746 1379 2755 ·

169 2822 239 2887 que
253 2804 295 2866 ab
311 2804 353 2867 iis
369 2805 513 2868 carmina
532 2806 697 2889 ejusmodi
715 2810 849 2889 scripta,
873 2809 951 2885 (nisi
973 2808 1057 2872 sorte
1080 2830 1101 2873 a
1124 2800 1283 2893 Lucano,

171 2906 227 2969 cui
242 2906 395 2989 satyricae
410 2890 532 2970 fabulae
549 2908 849 2997 x1v3tribuuutur,
870 2928 947 2992 quac
958 2914 1070 2973 tamen
1087 2910 1274 2993 cujusmodi

168 3004 290 3071 fuerint
303 3026 365 3070 non
380 3010 536 3087 constat)
558 3012 616 3071 aut
639 3007 749 3093 Satyri
771 3028 920 3091 unquam
935 3007 1056 3073 11066
1082 3010 1208 3076 inducti
1222 3013 1283 3078 vi·-

169 3108 298 3172 dentur.
343 3106 547 3173 Contrarium
561 3114 649 3173 certe
670 3110 751 3174 mihi
773 3129 841 3175 non
866 3117 1108 3194 persuaserunt,
1123 3114 1285 3209 661610--

168 3194 347 3273 vocant'ad
360 3210 439 3273 loca
463 3208 597 3275 Horatii
621 3210 685 3295 Ep.
710 3212 1071 3279 66Ρ16.ν.226·256.
1117 3214 1273 3299 Dionysii

169 3310 435 3375 Η6110.ν6.72.
461 3313 507 3392 (p.
529 3312 607 3375 466.
627 3312 679 3377 ed.
706 3311 859 3379 Hudson.
879 3319 913 3379 et
925 3312 966 3377 T.
984 3330 1040 3377 111.
1055 3333 1089 3396 p.
1104 3314 1201 3383 1491.
1217 3315 1270 3381 ed.

168 3409 301 3491 Reisk.)
322 3410 476 3476 Athenaei
501 3414 593 3479 vr.7.
617 3410 670 3496 (p.
690 3414 766 3479 261.
781 3414 834 3478 ed.
855 3412 962 3495 Lugd.
977 3412 1088 3491 1612.)
1111 3420 1144 3479 et
1167 3412 1272 3479 Marii

167 3498 331 3577 Victorini
346 3514 368 3575 l.
384 3528 433 3591 lu.
447 3533 481 3595 p·
497 3513 726 3577 2591οο11001.
742 3513 880 3579 Putscb.
894 3514 1055 3579 Horatius
1066 3515 1088 3576 l.
1103 3515 1126 3576 l.
1140 3533 1207 3577 non
1229 3515 1272 3577 de

167 3610 406 3691 Romanorum,
421 3612 481 3677 sed
495 3612 537 3676 de
552 3612 745 3678 Graecorum
766 3612 889 3678 sabulis
914 3615 1079 3697 satyricis,
1095 3620 1128 3679 et
1141 3614 1182 3677 de
1195 3633 1271 3678 nor·

166 3733 234 3792 ma,
249 3714 293 3777 ad
309 3733 410 3796 quam
423 3714 489 3779 illae
505 3714 571 3779 sint
608 3742 615 3757 ··
629 3700 768 3797 igendae,
784 3714 948 3800 J'udicium
961 3713 1022 3777 sert
1035 3715 1196 3793 criticum,
1211 3714 1270 3780 do·
1396 3755 1399 3762 .

165 3821 294 3899 detque,
310 3834 410 3897 quam
429 3816 588 3879 rationem
604 3814 789 3901 Satyrorum
809 3814 954 3898 scriptor,
977 3812 1029 3898 (v.
1043 3814 1135 3893 235.)
1148 3814 1179 3877 h.
1191 3835 1223 3878 e·
1238 3816 1269 3879 si

164 3916 238 4001 ipso
253 3918 401 4003 satyrica
414 3916 572 3983 scriberet
585 3916 743 3996 dramata,
760 3914 1145 4001 sequendamputaret.⁴⁰
1182 3915 1267 3981 Dio-

667 4080 773 4133 NOTAE

198 4206 231 4253 46
247 4204 351 4267 Koeutg'
367 4210 444 4267 putat
462 4208 542 4269 psit.
560 4203 697 4255 Horatium
737 4218 812 4255 none
833 4202 971 4263 imitandis,
990 4200 1107 4252 Hordiut
1126 4171 1278 4253 1660666.1
1390 4215 1394 4221 ·
1435 4247 1440 4255 .

164 4278 234 4345 ioqui
252 4280 287 4330 de
302 4280 403 4345 Satyris
415 4280 629 4345 (1166616666
646 4294 697 4331 rer·
737 4280 770 4329 ad
778 4280 846 4345 Epo.
856 4268 948 4330 Horat.
956 4276 1003 4343 (Τ.
1015 4288 1070 4342 ap.
1082 4280 1137 4328 tta.
1145 4291 1210 4331 raro.
1219 4278 1267 4329 Er»
