3184 4917
664 422 869 475 rnnrnrro.
1297 420 1322 485 9

217 563 403 647 poeniteret,
431 568 530 648 atque
558 564 612 643 iis,
640 569 698 652 qui
731 572 895 655 longiores
923 532 1169 657 disputationes
1201 580 1244 645 de
1270 588 1320 648 tot

217 666 396 749 exquisitis
411 666 542 731 dicendi
555 667 717 748 formulis,
727 675 894 758 rebusque
903 676 1080 756 historicis,
1097 680 1265 762 mythicis,
1275 700 1317 748 ec

216 769 457 852 geographicis,
471 770 581 834 ubivis
601 772 636 835 in
650 772 844 840 doctissimo
858 776 957 861 poeta
970 779 1092 857 obviis,
1107 784 1318 865 requirerent,

213 868 349 953 (quales
360 871 486 954 passim
496 871 733 959 invenirmtur,)
747 897 811 941 non
820 878 957 944 laterent
969 882 1148 961 uberiores,
1160 886 1245 949 unde
1258 907 1317 953 eas

216 974 373 1053 peterent,
388 971 506 1050 sonus,
522 974 703 1058 etquidem
724 979 875 1062 plerique
897 983 952 1045 vel
978 983 1063 1047 adeo
1085 1004 1209 1065 omnes,
1224 995 1272 1067 ut,
1288 991 1318 1054 si

214 1066 302 1135 hunc
315 1073 369 1135 vel
384 1072 477 1137 illum
489 1076 579 1139 adire
593 1096 656 1141 nou
671 1086 819 1161 possent,
830 1080 925 1165 (quae
937 1086 1040 1149 tristis
1053 1086 1231 1151 multorum
1244 1108 1326 1155 sors

214 1173 294 1257 est)
308 1173 352 1239 ad
365 1176 448 1239 alios
464 1176 685 1261 confugerent.
731 1181 885 1267 Denique
901 1186 944 1250 iis
958 1187 1070 1267 etiem,
1087 1192 1145 1272 qui
1159 1190 1239 1253 talia
1251 1208 1318 1253 non

214 1278 414 1359 desiderent,
427 1301 466 1345 eo
477 1286 650 1368 prospexi,
663 1287 751 1369 quod
762 1288 821 1352 illa
829 1288 938 1373 redegi
952 1292 987 1355 in
1001 1292 1142 1358 formam
1155 1300 1317 1373 notarum,

213 1397 299 1463 ques
312 1384 480 1465 praeterire
494 1392 645 1468 possunt.

258 1480 438 1567 Praecipua
451 1508 583 1571 quoque
597 1509 679 1553 cura
691 1491 772 1555 mibi
786 1494 849 1558 fuit
860 1495 946 1580 berc,
969 1501 1085 1563 utnon
1098 1498 1200 1563 modo
1214 1499 1318 1564 editio

212 1603 289 1669 mee
312 1586 504 1669 juvenibus,
528 1592 688 1653 bonarum
712 1594 880 1659 literamm
904 1598 1077 1677 studiosis,
1101 1602 1222 1684 quibus
1243 1622 1320 1669 eam

212 1687 424 1768 potissimum
453 1689 632 1768 destinavi,
658 1694 746 1774 plus,
777 1717 878 1779 quam
906 1700 974 1762 ulle
1003 1702 1081 1776 alia,
1111 1702 1154 1764 ad
1183 1700 1317 1785 po‘e'tem

210 1786 383 1869 legendum
408 1790 717 1879 intelligendumque
740 1797 922 1882 proficeret,
936 1819 996 1864 nec
1022 1802 1202 1885 quicquam
1223 1804 1257 1865 in
1277 1820 1330 1867 eax

212 1888 423 1968 omitteretm,
445 1894 535 1976 quod
560 1916 691 1960 crucem
717 1898 759 1963 iis
782 1897 881 1981 figere
904 1907 1037 1984 posset3
1068 1904 1126 1967 sed
1149 1904 1316 1969 doctiores
1428 1939 1432 1951 ·

211 1992 326 2075 etiam,
352 1992 387 2056 in
413 1996 498 2059 locis
527 2005 614 2061 certe
640 1998 899 2080 obscurioribus,
922 2002 1015 2066 illam
1037 2004 1226 2088 inspexisse
1249 2026 1316 2071 non

211 2110 347 2175 prorsus
360 2096 498 2178 pigeret,
514 2100 621 2183 iisque
636 2101 665 2164 si
679 2119 746 2164 non
760 2102 925 2183 ingenium
938 2110 1127 2187 rectumque
1138 2106 1315 2187 judicium,

212 2194 330 2259 saltem
345 2196 491 2261 studirmr
504 2202 691 2281 probarem,
710 2203 870 2269 varietate
882 2196 1035 2268 lectionis
1049 2226 1068 2268 e
1082 2211 1131 2269 tot
1144 2205 1316 2271 codicibus

210 2306 379 2382 excerpta.
425 2300 568 2365 Duobus
580 2304 691 2386 itaque
707 2304 1030 2371 animadversionum
1044 2308 1219 2390 generibus
1229 2309 1315 2373 banc

208 2400 386 2466 editionem
409 2402 632 2469 instmendarn
653 2408 796 2490 putavi3
828 2428 966 2491 quonrm
989 2411 1128 2474 alterum
1152 2415 1316 2496 spectaret

208 2503 253 2567 ad
277 2524 390 2569 veram
404 2503 580 2583 luvenalis
606 2510 779 2575 lectionem
803 2512 1077 2594 investigandam,
1102 2512 1188 2599 (quo
1213 2514 1315 2578 etiam

209 2602 369 2669 Erramus
399 2609 572 2692 pertinent,
601 2611 635 2673 in
663 2631 748 2694 quos
775 2614 974 2695 prolixiores
1000 2615 1107 2679 critici
1133 2616 1313 2697 argumenti
1341 2620 1350 2639 ⁰

208 2710 456 2776 observationes
469 2708 599 2795 rejeci,)
622 2712 761 2777 alterum
783 2734 862 2778 vero
886 2714 929 2778 ed
951 2736 1061 2780 rerum
1074 2717 1314 2799 verborumque

208 2810 420 2878 difficultates
434 2812 662 2878 removendae.
707 2814 837 2879 Etenim
851 2836 959 2899 neque
980 2836 1093 2880 eorum
1116 2817 1201 2880 ratio
1222 2817 1314 2880 insti-

208 2919 378 3001 tutumque
397 2914 600 3000 probandum
617 2914 757 2994 videtur,
772 2917 911 3000 quinon
924 2917 989 2981 nisi
1008 2919 1043 2980 in
1061 2922 1155 2981 textu
1169 2918 1314 2983 auctoris

207 3015 351 3101 alicujus
366 3018 560 3099 corrigendo
574 3017 737 3095 laborant,
754 3018 902 3102 setisque
920 3020 1042 3084 habent
1057 3020 1225 3084 variamm
1247 3022 1314 3087 lec·

207 3116 335 3183 tionum
358 3120 553 3202 farraginem
577 3115 725 3203 undique
754 3120 790 3183 iu
814 3140 916 3185 unum
945 3123 1153 3203 congessisse
1178 3122 1312 3204 loeum3

84 3264 86 3267 -
206 3239 314 3305 neque
337 3241 462 3300 eorum,
483 3224 539 3304 qui
563 3242 616 3286 res
638 3228 767 3287 tentum
788 3230 822 3287 et
842 3226 944 3288 verbe
967 3226 1138 3308 scriptoris
1153 3225 1314 3289 illustrare
1442 3313 1450 3325 Ι

207 3324 393 3389 instituunt.
463 3324 553 3388 lllud
592 3344 653 3408 per
691 3343 728 3388 se
765 3324 900 3408 quidem
929 3326 1052 3389 bonum
1082 3331 1115 3389 et
1141 3326 1224 3389 utile
1250 3332 1312 3404 est,

206 3442 269 3488 nec
291 3430 400 3488 tarnen
426 3422 546 3489 sufficit
568 3425 612 3489 ad
635 3424 758 3489 librum
784 3446 858 3489 cum
887 3425 997 3491 fructu
1022 3426 1220 3509 legendum3
1249 3427 1314 3491 boc

209 3530 330 3604 eutem,
357 3526 423 3589 nisi
446 3526 625 3608 legitimam
655 3527 754 3590 crisin
784 3526 953 3604 adhibeas,
985 3529 1117 3611 quade
1145 3546 1223 3591 vere
1248 3528 1315 3590 lec-

206 3626 297 3690 tione
320 3630 459 3703 constet,
488 3618 673 3710 saepissime
706 3646 826 3710 perum
862 3629 1037 3712 procedit:
1081 3646 1159 3691 nam
1194 3627 1314 3693 frustm

195 3728 414 3809 interpretari
446 3729 619 3793 conaberis
649 3733 735 3805 ante,
759 3747 859 3810 quem
890 3734 1047 3811 corrupte
1076 3729 1313 3795 emendaveris.

208 3828 329 3914 Neque
350 3848 430 3893 vero
451 3830 576 3895 criticae
607 3834 695 3894 notae
729 3829 772 3892 ab
802 3830 866 3894 bac
898 3828 1040 3892 editione
1073 3830 1190 3896 alienae
1210 3851 1313 3916 prop-

206 3936 296 3995 terea
323 3930 498 3997 censendae
526 3938 612 4011 sunt,
636 3932 726 4016 quod
751 3931 918 4014 juventuti
947 3950 990 3995 ee
1019 3932 1056 3995 in
1085 3934 1201 4017 primis
1232 3951 1313 3998 con-

207 4033 332 4096 sultum
363 4033 468 4097 volui.
535 4032 625 4097 Nam
656 4035 699 4097 ed
728 4032 925 4098 Juvenalem
957 4054 1033 4098 cum
1064 4035 1173 4099 fructu
1203 4036 1313 4118 legen-

207 4130 287 4197 dum
303 4135 342 4203 ii
373 4134 505 4199 demum
538 4135 763 4213 admittuntur,
797 4135 856 4217 qui
888 4142 1030 4199 mentem
1060 4138 1132 4221 jam
1161 4136 1310 4220 aliquan·

206 4237 278 4301 rum
321 4234 513 4307 nereum.
532 4235 741 4322 antiquarum
774 4234 894 4302 studiis
929 4237 1116 4319 excoluere,
1160 4238 1310 4323 adeoque
