3184 4917
270 444 334 515 ,92
712 454 761 502 nn
785 450 974 501 sarrarcrs
1019 460 1024 467 ·

282 614 442 698 ‘plaribus
462 620 531 679 trnn
547 610 702 688 Ausonii,
719 607 826 693 (inter
839 609 935 693 eujus
951 604 1096 671 carmina
1109 602 1254 686 primum
1265 602 1397 683 reperta

282 720 342 793 ,e'st
356 722 390 781 et
403 717 492 781 edita
507 736 538 779 a.
553 716 638 779 1500
653 735 675 778 a
689 710 862 777 'lbaddaeo
882 708 1039 791 Ugoleto)
1059 713 1127 771 tum
1149 705 1307 779 Petronii,
1331 702 1397 767 Ca-

282 818 493 894 talc'ctorum,
519 817 627 880 Persii
643 822 675 880 et
688 815 710 879 J
713 814 863 879 uvertalis
877 830 1008 876 annexa
1022 815 1089 874 est:
1112 812 1247 891 recepta
1261 824 1397 890 quoque

291 938 313 983 a
327 918 551 983 Wernsdorfio
574 920 607 983 in
627 917 726 982 Poiit.
742 916 818 979 Lat.
834 913 918 978 Min.
941 913 983 977 Τ.
1000 929 1058 976 ιιι.
1080 932 1114 994 p.
1129 910 1184 975 83.
1198 916 1269 992 seq·
1314 907 1398 991 Ipsa

291 1020 421 1103 poiitria
434 1023 581 1104 impense
596 1020 750 1083 landatur
771 1037 792 1081 a
807 1015 957 1081 Martiali
969 1037 1005 1080 x·
1019 1016 1072 1079 35.
1086 1020 1119 1078 et
1131 1013 1186 1076 38.
1202 1017 1236 1075 et
1248 1010 1397 1091 Scaliger

284 1121 326 1187 in
338 1122 572 1205 Hypercritn'co
586 1124 707 1199 monet,
731 1125 741 1153 ‘
756 1121 789 1183 in
804 1138 846 1181 ea
862 1118 1003 1181 multum
1017 1116 1218 1181 dexteritatis
1232 1113 1275 1177 ad
1290 1113 1397 1177 satiri-

292 1242 367 1287 cam
381 1224 629 1303 amarulentiam
645 1222 822 1305 aspirantis
847 1240 934 1296 esse,
958 1237 1113 1283 numeros
1129 1237 1219 1294 vero,
1244 1223 1284 1281 ut
1305 1218 1338 1280 in
1354 1236 1396 1279 eo

291 1345 406 1406 genere
427 1326 603 1408 poematis,
623 1344 688 1387 non
710 1320 990 1386 contemnendos!
1033 1321 1160 1385 Contra
1174 1318 1394 1384 Cusanbonus

293 1424 335 1487 de
349 1424 420 1489 Sat.
437 1424 537 1489 Rom.
561 1447 595 1508 p.
609 1426 685 1489 236.
709 1422 813 1487 ‘'Non
829 1424 986 1487 erraverit
1002 1423 1133 1508 judicio
1156 1422 1255 1500 meo,'
1277 1421 1395 1503 inquit,

293 1528 376 1610 ‘qui
399 1527 544 1593 Satiram
569 1527 603 1591 id
632 1524 754 1612 poema
779 1527 1015 1591 nominaverit:
1047 1527 1265 1591 eruditionem
1287 1531 1398 1589 tarnen

292 1633 325 1692 et
340 1630 533 1711 probitatem
543 1629 756 1693 nobilissimae
772 1628 919 1691 foeminae
930 1647 973 1690 ex
983 1628 1127 1691 carmine
1141 1627 1253 1709 potius
1266 1625 1396 1699 laudes,

293 1750 393 1813 quam
417 1733 632 1796 acrimoniam
655 1730 752 1795 etad
780 1730 933 1793 satiricos
954 1749 1086 1794 morsus
1108 1728 1242 1809 cicutae,
1266 1726 1397 1791 lacertis

293 1832 382 1895 eninr
396 1840 488 1898 caret
502 1834 609 1897 oratio
623 1837 656 1896 et
675 1834 856 1915 ἀγωνιστικῷ
878 1831 1017 1913 spiritu!
1050 1831 1103 1895 Cf.
1118 1830 1323 1895 Wemsdors.
1337 1829 1360 1891 1.
1373 1828 1397 1891 l.

293 1935 646 2018 p.1.x.sq.-·Tuoo.a
666 1935 798 2016 ineptus
819 1933 882 1997 suit
895 1934 1157 2017 Satirograpbus,
1181 1939 1217 1997 et
1235 1931 1398 1995 deridetur

293 2054 315 2099 a
330 2034 477 2101 Martiali
489 2054 562 2099 ιιιι.
576 2037 631 2101 95.
647 2036 689 2100 al.
703 2036 759 2099 94.
782 2040 816 2098 et
838 2036 881 2098 al.
904 2035 958 2099 96.
981 2056 1000 2099 e
1023 2036 1118 2120 enjus
1132 2037 1234 2117 epigr.
1249 2053 1349 2098 versu
1358 2032 1399 2096 ⁴7·

291 2142 317 2214 t‘
331 2134 503 2203 Audemus
519 2139 666 2205 Satires:
690 2137 840 2203 Lucilius
855 2158 930 2201 esse
951 2136 1108 2213 laboras')
1130 2136 1351 2200 Casaubonus
1364 2140 1398 2199 et

283 2237 499 2306 wernsdors.
523 2260 697 2324 perperam
717 2239 924 2321 colligebant,
948 2238 1149 2316 Martialem,
1169 2241 1199 2303 si
1219 2259 1295 2303 eum
1310 2238 1397 2303 serio

294 2342 473 2423 scripserit,
496 2343 609 2425 ipsum
624 2360 756 2423 quoque
771 2340 978 2406 satiricorum
991 2340 1164 2424 poetarum
1189 2342 1291 2407 choro
1310 2340 1398 2404 inse-

281 2442 437 2513 rendum,
456 2462 541 2507 esse.
594 2441 661 2520 Qni
686 2446 792 2506 totum
814 2442 986 2523 perlegerit
1012 2443 1228 2525 epigramma,
1256 2462 1324 2507 non
1350 2443 1399 2506 ita

288 2543 654 2627 judicabit-Mamur
667 2543 822 2607 Vortsot
835 2546 1000 2627 ingenium
1014 2552 1049 2609 et
1061 2544 1184 2609 adalia
1197 2546 1354 2623 carmina,
1364 2551 1398 2610 et

294 2644 338 2709 ad
362 2645 490 2711 Satiras
509 2648 702 2713 scribendas
724 2647 935 2729 aptissimum
949 2646 1078 2712 Statius
1091 2649 1229 2711 summis
1241 2647 1397 2711 laudibus

295 2748 438 2813 celebrat
450 2750 486 2814 in
501 2751 593 2835 Sylv.
606 2767 630 2813 1.
644 2751 677 2815 3.
695 2750 770 2813 101.
786 2769 856 2833 seq.
869 2749 1021 2833 idemque
1036 2751 1072 2812 in
1086 2748 1241 2833 Epistola
1255 2748 1300 2813 ad
1312 2748 1398 2813 Stel·

294 2850 373 2929 lam,
397 2851 510 2937 Sylvis
524 2852 676 2937 praefixa,
699 2851 888 2935 Vopiscum
902 2852 1050 2936 appellat
1071 2852 1199 2917 ‘virum
1213 2851 1397 2915 eruditissi-

280 2971 395 3031 mum,
417 2957 474 3039 qui
494 2957 665 3040 praeeipue
678 2954 825 3021 vindicet
846 2974 867 3018 a
894 2956 960 3019 situ
980 2955 1093 3019 literas
1111 2954 1183 3038 jam
1197 2972 1297 3037 poene
1312 2953 1396 3036 ingi-

295 3052 408 3116 entes!
1375 3061 1384 3080 ⁸

338 3152 490 3221 Satiriois
518 3158 632 3223 borum
661 3162 845 3239 temporum
876 3158 986 3239 po'dtis
1015 3162 1283 3222 annumerantur·
1296 3160 1397 3223 etiam

297 3252 405 3319 Julius
424 3250 542 3338 Rufus,
568 3254 732 3333 Cornutus,
757 3252 880 3319 Gavius
895 3254 1021 3335 Bassus,
1040 3262 1075 3322 et
1089 3253 1253 3336 Rabirius,
1274 3278 1301 3322 s.
1315 3258 1397 3323 Ru·

295 3354 398 3419 brius:
421 3356 482 3421 sed
495 3356 608 3435 Rufus
621 3358 729 3423 nullas
744 3358 829 3423 sorte
844 3359 984 3437 Satires,
1002 3365 1036 3425 et
1049 3359 1168 3445 reliqui
1182 3360 1278 3438 alias,
1293 3380 1397 3445 qnam

295 3458 502 3537 Lucilianae,
518 3461 691 3545 scripsere.
736 3462 759 3526 J
764 3478 854 3527 unu.
869 3461 968 3526 Ruri
991 3464 1191 3526 mentionem
1208 3460 1290 3527 lacit
1305 3462 1397 3527 Mar-

280 3561 386 3641 ⁴tialis
406 3560 440 3623 in
463 3560 616 3640 disticho,
632 3562 745 3645 figurae
770 3562 920 3627 Socratis
936 3564 1139 3649 subscripto,
1162 3565 1222 3629 lib.
1239 3582 1278 3629 x.
1293 3567 1396 3650 epigr.

296 3663 350 3729 99.
374 3662 433 3725 ‘Si
449 3661 604 3727 Romana
624 3664 729 3729 forent
750 3665 825 3731 baec
849 3664 997 3729 Socratis
1016 3686 1086 3744 ora,
1110 3665 1259 3745 fuissent,
1284 3666 1397 3732 Julius

295 3765 331 3829 in
345 3763 472 3849 Satyris
487 3766 598 3849 qualia
612 3764 722 3831 Rufus
736 3766 858 3833 habet?
901 3767 1117 3833 Casaubonus
1139 3768 1182 3833 de
1203 3768 1276 3834 Sat.
1294 3768 1396 3833 Rom.
1454 3777 1458 3783 '

297 3885 332 3948 p.
347 3865 423 3930 231.
446 3867 625 3947 existimat,
640 3870 692 3933 his
707 3870 817 3935 verbis
831 3872 1026 3953 gravitatem
1041 3870 1123 3935 Rufi
1140 3870 1175 3933 in
1190 3870 1307 3935 Satiris
1325 3872 1397 3935 lan·

296 3966 382 4045 dari,
401 3967 540 4033 Crenius
554 3976 664 4035 autem
680 3971 762 4035 ibid.
784 3972 820 4033 in
834 3978 946 4038 annot.
968 3977 1002 4036 et
1016 3970 1175 4037 Raderus
1189 3972 1231 4035 ad
1248 3969 1395 4036 Martial.

282 4064 320 4135 .l.
334 4067 358 4130 l.
377 4070 594 4151 suspicantur,
618 4071 703 4135 bunc
717 4072 823 4135 virum
836 4072 999 4137 illustrem
1018 4073 1122 4146 inisae
1134 4079 1168 4137 et
1182 4072 1329 4147 doctum,
1351 4070 1397 4135 ad

298 4185 394 4247 quem
423 4168 552 4235 Plinius
582 4168 688 4253 Epist
718 4190 752 4237 v.
783 4174 837 4237 21.
864 4179 899 4238 et
928 4192 994 4239 νιι.
1015 4176 1070 4241 25.
1093 4173 1275 4256 scripserit.
1329 4170 1397 4237 Sed

298 4264 502 4339 Werustlort.
524 4272 746 4357 1.1.p.xvu.
763 4274 836 4361 jam
858 4275 944 4345 bane
966 4282 1083 4344 contra
1103 4294 1163 4341 eos
1185 4274 1235 4341 ita
1247 4272 1398 4361 disputa·
