3184 4917
268 404 332 483 ire
554 432 603 481 ns
626 427 709 481 sar.
732 428 891 493 nucrnrr,
915 423 1088 492 nourrii,

267 596 343 641 cunr
356 575 548 641 vestimenta
559 575 684 638 nullam
697 574 765 637 iere
773 574 922 657 corporis
932 577 1057 656 partem
1072 589 1201 654 semper
1211 570 1373 650 celarent,¹

266 684 301 743 et
324 680 357 741 in
378 676 670 741 exercitationibus
686 676 848 759 gymnicis
864 677 977 738 omnia
1000 693 1094 757 saepe
1119 673 1368 755 deponerentur,

266 778 480 864 soemiuoeque
494 800 537 843 ex
560 780 727 862 gynaecia
751 779 786 839 in
800 778 945 841 virorum
968 775 1238 840 consuetudinem
1250 779 1284 839 et
1297 794 1371 839 coe-

266 885 335 945 tum
349 900 424 946 raro
438 882 595 958 venirent,
617 887 655 944 ut
677 880 795 963 pudori
808 878 1091 961 ipsarumsshrisset
1110 876 1369 941 consulendum:

265 983 370 1052 multa
383 989 571 1047 manserunt
583 984 731 1061 honesta,
746 989 780 1046 et
793 982 864 1045 sine
885 982 1010 1046 honore
1022 978 1195 1063 praefando
1216 977 1369 1055 dicenda,

266 1102 356 1167 quae,
370 1084 640 1149 vestimentorum
664 1086 838 1149 immutata
849 1085 989 1159 ratione,
1004 1088 1038 1145 et
1061 1079 1255 1145 verecundia
1267 1079 1302 1141 in
1314 1097 1369 1142 se-

266 1186 414 1269 quiorem
429 1206 558 1264 sexum,
571 1188 628 1270 qui
641 1206 729 1249 nunc
739 1205 804 1250 uon
818 1186 986 1249 minimam
995 1186 1074 1249 vitae
1089 1183 1225 1247 socialis
1239 1186 1368 1265 partem

267 1289 449 1367 constituit,
464 1290 507 1352 ab
518 1290 657 1369 ingenue
667 1292 706 1352 'et
715 1286 895 1351 liberaliter
908 1286 1066 1350 institutis
1077 1302 1145 1347 non
1157 1285 1366 1365 usurpantur.

265 1387 381 1468 Porro,
396 1390 487 1473 quod
502 1396 602 1474 caput
615 1389 696 1455 mibi
706 1389 847 1468 videtur,
872 1408 947 1453 cum
959 1406 1069 1452 mores
1082 1386 1205 1450 civium
1218 1382 1368 1467 discipli·

242 1508 311 1553 .na
324 1492 472 1574 publica,
485 1492 649 1575 majorum
661 1492 819 1567 iustibrtis
834 1496 868 1554 et
886 1491 1017 1573 legibus
1031 1488 1176 1552 maxime
1188 1486 1369 1549 formaren-

264 1596 327 1668 tur,
343 1593 385 1655 iis
400 1598 510 1657 autem
533 1594 662 1676 legibus
678 1595 769 1658 cives
789 1600 917 1658 tantum
939 1596 1139 1671 tenerentur3
1160 1590 1273 1666 multa,
1288 1606 1371 1672 quea·

264 1694 388 1777 turpia
403 1693 545 1761 luissent
569 1696 604 1783 in
630 1697 722 1761 cives
736 1698 926 1774 commissa,
946 1696 982 1757 in
996 1694 1182 1777 peregrinos
1205 1709 1370 1757 concessa

264 1799 366 1874 erant,
381 1797 423 1861 de
437 1798 557 1883 quibus
572 1800 669 1881 igitur
681 1800 781 1863 libere
795 1804 829 1862 et
842 1801 957 1881 aperte
967 1798 1061 1879 loqui
1074 1814 1171 1859 nemo
1183 1795 1369 1870 verebatur,

264 1902 447 1982 prasertim
467 1903 503 1964 in
520 1902 754 1984 elegantiorem
774 1908 809 1965 et
828 1900 1080 1964 delicatulornm
1100 1896 1247 1961 circulis.
1291 1894 1370 1960 Ho-

264 2002 402 2065 nestatis
418 1996 564 2085 quidem,
580 2002 723 2080 decoris,
739 2008 772 2065 et
784 2001 965 2085 pudorisvi
979 1999 1087 2082 magis
1100 1996 1248 2073 exculta,
1259 1996 1295 2075 ii,
1307 1996 1367 2079 qui

263 2104 419 2186 gravitati
434 2108 467 2167 et
487 2104 638 2187 dignitati
661 2104 836 2181 studerent,
852 2122 874 2167 a
896 2103 1010 2166 multis
1024 2099 1159 2183 quidem
1178 2098 1277 2162 dictis
1300 2096 1366 2162 sibi

263 2210 494 2289 temperarunt,
509 2224 585 2291 quae
599 2204 822 2269 multitudinis
835 2204 962 2269 levitati
975 2208 1010 2267 et
1029 2202 1220 2285 petrrlantiae
1235 2210 1367 2283 semper

263 2306 498 2389 probabantur,
513 2312 549 2370 ut
574 2306 713 2371 Periclis
731 2311 879 2389 tempore
902 2304 1136 2389 Aristophanis
1146 2302 1219 2386 joci
1242 2302 1367 2384 impuri

261 2408 528 2489 Atheniensibus
551 2413 670 2493 quibus
692 2412 876 2475 honestatis
901 2415 1074 2493 praecepta
1087 2410 1245 2473 Socrates
1264 2405 1366 2470 tradi-

264 2510 366 2589 derat,
389 2530 542 2596 quosque
560 2511 689 2595 pulchri
712 2518 747 2576 et
768 2511 899 2575 decoris
912 2530 1012 2574 sensu
1025 2509 1168 2574 Phidias
1190 2509 1364 2573 imbuerat.

262 2610 404 2679 Omnino
430 2618 539 2679 autem
564 2616 649 2679 inter
672 2614 824 2678 liberales
844 2612 943 2697 jocos
968 2613 1099 2693 lasciva
1120 2630 1252 2695 quoque
1277 2615 1367 2675 etea

259 2714 473 2797 habebantur,
490 2737 627 2801 quorum
639 2718 762 2783 mentio
789 2719 928 2801 ingenue
949 2716 1099 2780 instituto
1111 2734 1198 2779 nunc
1212 2714 1364 2777 ruborem

259 2817 452 2899 offunderet,
464 2838 655 2903 quanquam
669 2837 690 2882 a
703 2817 976 2903 pbilosophorum
989 2816 1280 2901 disputationibus,
1295 2815 1366 2879 bis·

259 2922 434 2985 turicorum
459 2922 632 3002 gravitate,
643 2926 676 2985 et
700 2940 764 2985 usu
788 2920 912 2985 sorensi
936 2920 1056 2998 aliena
1078 2917 1186 3002 poetis
1205 2923 1313 2983 tamen
1327 2917 1365 2980 in

258 3022 376 3103 primis
391 3041 569 3101 concessa;
592 3042 711 3104 eaque
721 3042 766 3085 ex
780 3023 848 3086 illis
861 3023 995 3087 sublata
1007 3022 1107 3100 velle,
1121 3027 1180 3085 aut
1201 3020 1282 3086 vitio
1297 3017 1366 3105 illis

259 3122 349 3198 dare,
364 3120 592 3185 absurdissimi
605 3122 729 3186 fastidii
746 3122 895 3186 arbitror.
940 3120 1085 3198 Quodsi
1109 3122 1211 3202 igitur
1225 3119 1364 3200 Ovidio,

260 3220 405 3299 Catullo,
425 3220 585 3297 Martiali,
599 3223 803 3311 reliquisque
816 3220 928 3305 potitis
943 3240 986 3284 ea
997 3222 1106 3284 ,venia
1118 3220 1228 3284 danda
1239 3226 1302 3298 est,
1317 3222 1365 3284 ab
1441 3271 1444 3275 Δ

259 3322 423 3399 omuibus,
450 3323 564 3404 quiin
588 3322 735 3404 legendis
752 3325 936 3406 priscorum
960 3323 1169 3388 monimentis
1192 3326 1303 3386 mente
1328 3325 1365 3385 et

258 3422 456 3505 cogitatione
478 3442 592 3487 eorum
606 3430 804 3507 temporum,
817 3425 939 3507 quibus
953 3426 1094 3508 quisque
1114 3423 1294 3507 scripserit,
1309 3441 1364 3487 ra·
1447 3427 1457 3435 “

256 3524 379 3589 tionem
402 3530 600 3608 presentem
622 3526 687 3590 sibi
713 3528 834 3610 tingere
861 3529 978 3605 sciant,
991 3533 1028 3593 ut
1048 3528 1175 3592 lascive
1200 3526 1365 3591 interdum

255 3628 382 3706 ludant,
408 3646 592 3712 parumque
616 3628 737 3711 pudice
758 3628 957 3713 loquantn13
980 3635 1104 3713 quanto
1128 3630 1287 3716 majorem
1301 3650 1364 3695 ex·

258 3729 465 3794 cusationem
482 3730 609 3795 satirici
623 3729 758 3808 habent,
774 3732 882 3816 quiin
903 3751 1010 3796 rerum
1032 3731 1234 3815 turpitudine
1247 3733 1362 3815 exagi-

257 3832 371 3909 tanda,
385 3832 432 3909 id,
448 3830 537 3917 quod
552 3832 618 3895 sibi
633 3840 891 3917 proposuerunt,
905 3835 974 3897 risu
985 3836 1093 3916 magis
1107 3844 1142 3898 et
1149 3834 1244 3917 joco,
1258 3853 1360 3916 quam

257 3933 448 3997 austeritate
471 3938 505 3998 et
527 3934 699 3999 severitate
722 3934 882 4021 consequi
905 3938 1035 4019 queant.
1080 3933 1213 4012 Omnia,
1228 3952 1305 4018 quaa
1325 3926 1361 3996 in

258 4033 404 4101 Horatio
415 4035 515 4101 obvia
529 4039 615 4114 suut,
643 4020 786 4119 quaeque
807 4036 969 4101 obscoene
981 4040 1015 4100 et
1027 4037 1140 4119 turpia
1153 4054 1244 4101 nunc
1256 4052 1360 4099 voca-

256 4152 344 4214 mus,
359 4156 401 4200 ea
426 4137 608 4220 cogitemus
631 4156 653 4200 a
670 4138 750 4202 vitae
764 4136 926 4221 elegantia
937 4136 1113 4203 lautiorum
1133 4136 1368 4201 Romanorum

256 4253 468 4323 nequaquam
491 4243 570 4305 tunc
586 4238 804 4317 abhorruisse,
817 4256 924 4325 neque
946 4238 1096 4323 ingenuis
1109 4242 1143 4304 et
1164 4234 1365 4303 liberalibus
