<?xml version="1.0" encoding="UTF-8"?>
<!DOCTYPE html PUBLIC "-//W3C//DTD XHTML 1.0 Transitional//EN"
    "http://www.w3.org/TR/xhtml1/DTD/xhtml1-transitional.dtd">
<html xmlns="http://www.w3.org/1999/xhtml" xml:lang="en" lang="en">
 <head>
  <title>
</title>
<meta http-equiv="Content-Type" content="text/html;charset=utf-8" />
  <meta name='ocr-system' content='tesseract 3.04.00' />
  <meta name='ocr-capabilities' content='ocr_page ocr_carea ocr_par ocr_line ocrx_word'/>
</head>
<body>
  <div class='ocr_page' id='page_1' title='image "./operaomnia00juvegoog_0035.png"; bbox 0 0 3184 4917; ppageno 0'>
   <div class='ocr_carea' id='block_1_1' title="bbox 687 409 1337 475">
    <p class='ocr_par' dir='ltr' id='par_1_1' title="bbox 687 409 1337 475">
     <span class='ocr_line' id='line_1_1' title="bbox 687 409 1337 475; baseline -0.005 0"><span class='ocrx_word' id='word_1_1' title='bbox 687 424 893 475; x_wconf 75' lang='lat' dir='ltr'><strong>rnnrnrro.</strong></span> <span class='ocrx_word' id='word_1_2' title='bbox 1294 409 1337 473; x_wconf 74' lang='lat'><strong>21</strong></span> 
     </span>
    </p>
   </div>
   <div class='ocr_carea' id='block_1_2' title="bbox 235 569 1340 2681">
    <p class='ocr_par' dir='ltr' id='par_1_2' title="bbox 239 569 1340 1167">
     <span class='ocr_line' id='line_1_2' title="bbox 239 569 1337 657; baseline -0.003 -20"><span class='ocrx_word' id='word_1_3' title='bbox 239 590 342 637; x_wconf 82' lang='lat' dir='ltr'><strong>eausa</strong></span> <span class='ocrx_word' id='word_1_4' title='bbox 370 576 404 635; x_wconf 88' lang='lat' dir='ltr'><strong>et</strong></span> <span class='ocrx_word' id='word_1_5' title='bbox 427 573 512 639; x_wconf 68' lang='lat' dir='ltr'><strong>utin</strong></span> <span class='ocrx_word' id='word_1_6' title='bbox 537 572 614 637; x_wconf 82' lang='lat' dir='ltr'><strong>talis</strong></span> <span class='ocrx_word' id='word_1_7' title='bbox 634 573 821 656; x_wconf 73' lang='lat' dir='ltr'><strong>elegantiae,</strong></span> <span class='ocrx_word' id='word_1_8' title='bbox 844 579 883 637; x_wconf 92' lang='lat' dir='ltr'><strong>ut</strong></span> <span class='ocrx_word' id='word_1_9' title='bbox 904 574 940 637; x_wconf 90' lang='lat' dir='ltr'><strong>in</strong></span> <span class='ocrx_word' id='word_1_10' title='bbox 961 572 1129 657; x_wconf 83' lang='lat' dir='ltr'><strong>plerisque</strong></span> <span class='ocrx_word' id='word_1_11' title='bbox 1152 570 1223 635; x_wconf 82' lang='lat' dir='ltr'><strong>tieri</strong></span> <span class='ocrx_word' id='word_1_12' title='bbox 1242 569 1337 647; x_wconf 81' lang='lat' dir='ltr'><strong>solet,</strong></span> 
     </span>
     <span class='ocr_line' id='line_1_3' title="bbox 239 672 1340 759; baseline 0 -22"><span class='ocrx_word' id='word_1_13' title='bbox 239 674 347 737; x_wconf 88' lang='lat' dir='ltr'><strong>minus</strong></span> <span class='ocrx_word' id='word_1_14' title='bbox 362 681 434 740; x_wconf 84' lang='lat' dir='ltr'><strong>erut</strong></span> <span class='ocrx_word' id='word_1_15' title='bbox 454 694 515 739; x_wconf 87' lang='lat' dir='ltr'><strong>seu</strong></span> <span class='ocrx_word' id='word_1_16' title='bbox 528 674 705 739; x_wconf 78' lang='lat' dir='ltr'><strong>observata</strong></span> <span class='ocrx_word' id='word_1_17' title='bbox 719 694 778 739; x_wconf 87' lang='lat' dir='ltr'><strong>seu</strong></span> <span class='ocrx_word' id='word_1_18' title='bbox 802 679 996 759; x_wconf 78' lang='lat' dir='ltr'><strong>perspecta3</strong></span> <span class='ocrx_word' id='word_1_19' title='bbox 1017 674 1102 738; x_wconf 80' lang='lat' dir='ltr'><strong>hanc</strong></span> <span class='ocrx_word' id='word_1_20' title='bbox 1123 672 1229 755; x_wconf 73' lang='lat' dir='ltr'><strong>digito</strong></span> <span class='ocrx_word' id='word_1_21' title='bbox 1246 690 1340 737; x_wconf 88' lang='lat' dir='ltr'><strong>mon·</strong></span> 
     </span>
     <span class='ocr_line' id='line_1_4' title="bbox 241 774 1339 865; baseline 0 -28"><span class='ocrx_word' id='word_1_22' title='bbox 241 781 344 839; x_wconf 77' lang='lat' dir='ltr'><strong>strme</strong></span> <span class='ocrx_word' id='word_1_23' title='bbox 358 776 469 841; x_wconf 90' lang='lat' dir='ltr'><strong>volui:</strong></span> <span class='ocrx_word' id='word_1_24' title='bbox 494 777 624 842; x_wconf 87' lang='lat' dir='ltr'><strong>taudem</strong></span> <span class='ocrx_word' id='word_1_25' title='bbox 637 782 672 841; x_wconf 89' lang='lat' dir='ltr'><strong>et</strong></span> <span class='ocrx_word' id='word_1_26' title='bbox 683 779 790 842; x_wconf 85' lang='lat' dir='ltr'><strong>multa</strong></span> <span class='ocrx_word' id='word_1_27' title='bbox 799 778 835 841; x_wconf 90' lang='lat' dir='ltr'><strong>iu</strong></span> <span class='ocrx_word' id='word_1_28' title='bbox 847 778 911 842; x_wconf 85' lang='lat' dir='ltr'><strong>hoc</strong></span> <span class='ocrx_word' id='word_1_29' title='bbox 925 796 1042 860; x_wconf 74' lang='lat' dir='ltr'><strong>genere</strong></span> <span class='ocrx_word' id='word_1_30' title='bbox 1051 796 1126 840; x_wconf 86' lang='lat' dir='ltr'><strong>esse</strong></span> <span class='ocrx_word' id='word_1_31' title='bbox 1141 774 1339 865; x_wconf 79' lang='lat' dir='ltr'><strong>soientsatie</strong></span> 
     </span>
     <span class='ocr_line' id='line_1_5' title="bbox 241 875 1338 963; baseline 0.001 -26"><span class='ocrx_word' id='word_1_32' title='bbox 241 876 354 955; x_wconf 83' lang='lat' dir='ltr'><strong>obvia,</strong></span> <span class='ocrx_word' id='word_1_33' title='bbox 378 878 408 941; x_wconf 88' lang='lat' dir='ltr'><strong>si</strong></span> <span class='ocrx_word' id='word_1_34' title='bbox 430 878 531 943; x_wconf 86' lang='lat' dir='ltr'><strong>semel</strong></span> <span class='ocrx_word' id='word_1_35' title='bbox 554 878 597 943; x_wconf 88' lang='lat' dir='ltr'><strong>ab</strong></span> <span class='ocrx_word' id='word_1_36' title='bbox 621 880 734 963; x_wconf 88' lang='lat' dir='ltr'><strong>aliquo</strong></span> <span class='ocrx_word' id='word_1_37' title='bbox 758 878 937 943; x_wconf 82' lang='lat' dir='ltr'><strong>observata</strong></span> <span class='ocrx_word' id='word_1_38' title='bbox 961 883 994 943; x_wconf 90' lang='lat' dir='ltr'><strong>et</strong></span> <span class='ocrx_word' id='word_1_39' title='bbox 1017 876 1187 960; x_wconf 76' lang='lat' dir='ltr'><strong>explicata</strong></span> <span class='ocrx_word' id='word_1_40' title='bbox 1207 875 1338 953; x_wconf 82' lang='lat' dir='ltr'><strong>inerint,</strong></span> 
     </span>
     <span class='ocr_line' id='line_1_6' title="bbox 239 978 1338 1063; baseline 0 -24"><span class='ocrx_word' id='word_1_41' title='bbox 239 996 306 1040; x_wconf 92' lang='lat' dir='ltr'><strong>non</strong></span> <span class='ocrx_word' id='word_1_42' title='bbox 317 996 393 1041; x_wconf 81' lang='lat' dir='ltr'><strong>raro</strong></span> <span class='ocrx_word' id='word_1_43' title='bbox 407 985 518 1043; x_wconf 84' lang='lat' dir='ltr'><strong>tamen</strong></span> <span class='ocrx_word' id='word_1_44' title='bbox 531 982 651 1057; x_wconf 82' lang='lat' dir='ltr'><strong>evenit,</strong></span> <span class='ocrx_word' id='word_1_45' title='bbox 666 986 704 1043; x_wconf 86' lang='lat' dir='ltr'><strong>ut</strong></span> <span class='ocrx_word' id='word_1_46' title='bbox 716 980 775 1045; x_wconf 86' lang='lat' dir='ltr'><strong>illa</strong></span> <span class='ocrx_word' id='word_1_47' title='bbox 788 981 863 1063; x_wconf 85' lang='lat' dir='ltr'><strong>ipsa</strong></span> <span class='ocrx_word' id='word_1_48' title='bbox 875 980 1034 1045; x_wconf 80' lang='lat' dir='ltr'><strong>facillima</strong></span> <span class='ocrx_word' id='word_1_49' title='bbox 1047 978 1143 1056; x_wconf 83' lang='lat' dir='ltr'><strong>ratio,</strong></span> <span class='ocrx_word' id='word_1_50' title='bbox 1160 982 1338 1060; x_wconf 85' lang='lat' dir='ltr'><strong>antequam</strong></span> 
     </span>
     <span class='ocr_line' id='line_1_7' title="bbox 239 1081 1057 1167; baseline 0.006 -26"><span class='ocrx_word' id='word_1_51' title='bbox 239 1085 420 1146; x_wconf 81' lang='lat' dir='ltr'><strong>monstrata</strong></span> <span class='ocrx_word' id='word_1_52' title='bbox 433 1088 531 1158; x_wconf 77' lang='lat' dir='ltr'><strong>esset,</strong></span> <span class='ocrx_word' id='word_1_53' title='bbox 546 1082 778 1166; x_wconf 88' lang='lat' dir='ltr'><strong>plerorumque</strong></span> <span class='ocrx_word' id='word_1_54' title='bbox 793 1084 910 1147; x_wconf 86' lang='lat' dir='ltr'><strong>oculos</strong></span> <span class='ocrx_word' id='word_1_55' title='bbox 922 1081 1057 1167; x_wconf 75' lang='lat' dir='ltr'><strong>fugeret.</strong></span> 
     </span>
    </p>

    <p class='ocr_par' dir='ltr' id='par_1_3' title="bbox 235 1175 1340 2681">
     <span class='ocr_line' id='line_1_8' title="bbox 289 1175 1340 1268; baseline 0.003 -28"><span class='ocrx_word' id='word_1_56' title='bbox 289 1175 320 1240; x_wconf 87' lang='lat' dir='ltr'><em>V</em></span> <span class='ocrx_word' id='word_1_57' title='bbox 317 1178 363 1241; x_wconf 82' lang='lat' dir='ltr'><strong>r&#39;ta</strong></span> <span class='ocrx_word' id='word_1_58' title='bbox 380 1177 546 1243; x_wconf 67' lang='lat' dir='ltr'><strong>iuvenalis</strong></span> <span class='ocrx_word' id='word_1_59' title='bbox 561 1178 788 1268; x_wconf 70' lang='lat' dir='ltr'><strong>chronologica,</strong></span> <span class='ocrx_word' id='word_1_60' title='bbox 806 1202 892 1248; x_wconf 81' lang='lat' dir='ltr'><strong>arne</strong></span> <span class='ocrx_word' id='word_1_61' title='bbox 902 1184 977 1267; x_wconf 86' lang='lat' dir='ltr'><strong>ipso</strong></span> <span class='ocrx_word' id='word_1_62' title='bbox 993 1184 1200 1259; x_wconf 59' lang='lat' dir='ltr'><strong>conensem</strong></span> <span class='ocrx_word' id='word_1_63' title='bbox 1213 1182 1340 1245; x_wconf 78' lang='lat' dir='ltr'><strong>brevis·</strong></span> 
     </span>
     <span class='ocr_line' id='line_1_9' title="bbox 239 1282 1339 1371; baseline 0 -25"><span class='ocrx_word' id='word_1_64' title='bbox 239 1283 328 1347; x_wconf 80' lang='lat' dir='ltr'><strong>sima</strong></span> <span class='ocrx_word' id='word_1_65' title='bbox 340 1284 474 1367; x_wconf 86' lang='lat' dir='ltr'><strong>quidem</strong></span> <span class='ocrx_word' id='word_1_66' title='bbox 487 1290 547 1364; x_wconf 87' lang='lat' dir='ltr'><strong>est,</strong></span> <span class='ocrx_word' id='word_1_67' title='bbox 563 1292 596 1350; x_wconf 88' lang='lat' dir='ltr'><strong>et</strong></span> <span class='ocrx_word' id='word_1_68' title='bbox 608 1305 716 1350; x_wconf 86' lang='lat' dir='ltr'><strong>rerum</strong></span> <span class='ocrx_word' id='word_1_69' title='bbox 731 1288 837 1369; x_wconf 78' lang='lat' dir='ltr'><strong>magis</strong></span> <span class='ocrx_word' id='word_1_70' title='bbox 850 1292 1109 1371; x_wconf 81' lang='lat' dir='ltr'><strong>temporumque,</strong></span> <span class='ocrx_word' id='word_1_71' title='bbox 1125 1283 1168 1347; x_wconf 88' lang='lat' dir='ltr'><strong>ad</strong></span> <span class='ocrx_word' id='word_1_72' title='bbox 1193 1302 1270 1366; x_wconf 82' lang='lat' dir='ltr'><strong>quoe</strong></span> <span class='ocrx_word' id='word_1_73' title='bbox 1283 1282 1339 1346; x_wconf 86' lang='lat' dir='ltr'><strong>iile</strong></span> 
     </span>
     <span class='ocr_line' id='line_1_10' title="bbox 239 1382 1337 1475; baseline -0.002 -28"><span class='ocrx_word' id='word_1_74' title='bbox 239 1386 399 1468; x_wconf 75' lang='lat' dir='ltr'>respexit,</span> <span class='ocrx_word' id='word_1_75' title='bbox 421 1404 522 1469; x_wconf 88' lang='lat' dir='ltr'><strong>quam</strong></span> <span class='ocrx_word' id='word_1_76' title='bbox 545 1388 626 1475; x_wconf 66' lang='lat' dir='ltr'><strong>vitae¹</strong></span> <span class='ocrx_word' id='word_1_77' title='bbox 646 1388 720 1473; x_wconf 88' lang='lat' dir='ltr'><strong>ejus</strong></span> <span class='ocrx_word' id='word_1_78' title='bbox 743 1387 916 1453; x_wconf 81' lang='lat' dir='ltr'><strong>historiam</strong></span> <span class='ocrx_word' id='word_1_79' title='bbox 941 1385 1180 1469; x_wconf 82' lang='lat' dir='ltr'><strong>complectitur.</strong></span> <span class='ocrx_word' id='word_1_80' title='bbox 1224 1382 1337 1469; x_wconf 81' lang='lat' dir='ltr'><strong>liujus</strong></span> 
     </span>
     <span class='ocr_line' id='line_1_11' title="bbox 239 1487 1336 1572; baseline -0.001 -22"><span class='ocrx_word' id='word_1_81' title='bbox 239 1506 317 1551; x_wconf 88' lang='lat' dir='ltr'><strong>vcro</strong></span> <span class='ocrx_word' id='word_1_82' title='bbox 332 1488 381 1551; x_wconf 87' lang='lat' dir='ltr'><strong>rei</strong></span> <span class='ocrx_word' id='word_1_83' title='bbox 395 1488 570 1572; x_wconf 85' lang='lat' dir='ltr'><strong>cnlpanun</strong></span> <span class='ocrx_word' id='word_1_84' title='bbox 584 1490 619 1553; x_wconf 91' lang='lat' dir='ltr'><strong>in</strong></span> <span class='ocrx_word' id='word_1_85' title='bbox 632 1506 684 1554; x_wconf 88' lang='lat' dir='ltr'><strong>me</strong></span> <span class='ocrx_word' id='word_1_86' title='bbox 692 1490 827 1567; x_wconf 87' lang='lat' dir='ltr'><strong>residet,</strong></span> <span class='ocrx_word' id='word_1_87' title='bbox 842 1489 902 1554; x_wconf 85' lang='lat' dir='ltr'><strong>sed</strong></span> <span class='ocrx_word' id='word_1_88' title='bbox 916 1491 950 1554; x_wconf 94' lang='lat' dir='ltr'><strong>in</strong></span> <span class='ocrx_word' id='word_1_89' title='bbox 964 1508 1017 1568; x_wconf 82' lang='lat' dir='ltr'><strong>eo,</strong></span> <span class='ocrx_word' id='word_1_90' title='bbox 1032 1487 1123 1572; x_wconf 82' lang='lat' dir='ltr'><strong>quod</strong></span> <span class='ocrx_word' id='word_1_91' title='bbox 1134 1494 1202 1551; x_wconf 77' lang='lat' dir='ltr'><strong>tam</strong></span> <span class='ocrx_word' id='word_1_92' title='bbox 1212 1504 1336 1570; x_wconf 86' lang='lat' dir='ltr'><strong>pauca,</strong></span> 
     </span>
     <span class='ocr_line' id='line_1_12' title="bbox 240 1585 1336 1673; baseline -0.003 -21"><span class='ocrx_word' id='word_1_93' title='bbox 240 1608 317 1672; x_wconf 85' lang='lat' dir='ltr'><strong>quac</strong></span> <span class='ocrx_word' id='word_1_94' title='bbox 345 1589 388 1653; x_wconf 82' lang='lat' dir='ltr'><strong>ad</strong></span> <span class='ocrx_word' id='word_1_95' title='bbox 417 1590 533 1667; x_wconf 81' lang='lat' dir='ltr'><strong>ritum,</strong></span> <span class='ocrx_word' id='word_1_96' title='bbox 560 1591 795 1669; x_wconf 86' lang='lat' dir='ltr'><strong>conditionem,</strong></span> <span class='ocrx_word' id='word_1_97' title='bbox 832 1592 996 1656; x_wconf 81' lang='lat' dir='ltr'><strong>fortunam</strong></span> <span class='ocrx_word' id='word_1_98' title='bbox 1020 1607 1198 1673; x_wconf 88' lang='lat' dir='ltr'><strong>moresque</strong></span> <span class='ocrx_word' id='word_1_99' title='bbox 1225 1585 1336 1670; x_wconf 71' lang='lat' dir='ltr'><strong>potitae</strong></span> 
     </span>
     <span class='ocr_line' id='line_1_13' title="bbox 240 1692 1337 1775; baseline -0.003 -23"><span class='ocrx_word' id='word_1_100' title='bbox 240 1696 399 1772; x_wconf 82' lang='lat' dir='ltr'><strong>spectant,</strong></span> <span class='ocrx_word' id='word_1_101' title='bbox 415 1692 469 1756; x_wconf 86' lang='lat' dir='ltr'><strong>vel</strong></span> <span class='ocrx_word' id='word_1_102' title='bbox 481 1693 524 1755; x_wconf 86' lang='lat' dir='ltr'><strong>ab</strong></span> <span class='ocrx_word' id='word_1_103' title='bbox 539 1693 615 1775; x_wconf 90' lang='lat' dir='ltr'><strong>ipso</strong></span> <span class='ocrx_word' id='word_1_104' title='bbox 629 1698 811 1757; x_wconf 87' lang='lat' dir='ltr'><strong>memorata</strong></span> <span class='ocrx_word' id='word_1_105' title='bbox 824 1692 976 1769; x_wconf 84' lang='lat' dir='ltr'><strong>sunt,ch</strong></span> <span class='ocrx_word' id='word_1_106' title='bbox 990 1692 1035 1755; x_wconf 81' lang='lat' dir='ltr'><strong>ab</strong></span> <span class='ocrx_word' id='word_1_107' title='bbox 1050 1692 1125 1754; x_wconf 82' lang='lat' dir='ltr'><strong>aliis</strong></span> <span class='ocrx_word' id='word_1_108' title='bbox 1134 1696 1225 1754; x_wconf 80' lang='lat' dir='ltr'><strong>certa</strong></span> <span class='ocrx_word' id='word_1_109' title='bbox 1237 1693 1337 1769; x_wconf 86' lang='lat' dir='ltr'><strong>atque</strong></span> 
     </span>
     <span class='ocr_line' id='line_1_14' title="bbox 238 1786 1337 1878; baseline -0.006 -23"><span class='ocrx_word' id='word_1_110' title='bbox 238 1793 417 1873; x_wconf 78' lang='lat' dir='ltr'><strong>explorata</strong></span> <span class='ocrx_word' id='word_1_111' title='bbox 430 1792 496 1857; x_wconf 87' lang='lat' dir='ltr'><strong>fide</strong></span> <span class='ocrx_word' id='word_1_112' title='bbox 510 1793 643 1859; x_wconf 82' lang='lat' dir='ltr'><strong>tradita.</strong></span> <span class='ocrx_word' id='word_1_113' title='bbox 687 1793 809 1878; x_wconf 90' lang='lat' dir='ltr'><strong>Neque</strong></span> <span class='ocrx_word' id='word_1_114' title='bbox 822 1794 877 1858; x_wconf 82' lang='lat' dir='ltr'><strong>rel</strong></span> <span class='ocrx_word' id='word_1_115' title='bbox 892 1795 941 1857; x_wconf 86' lang='lat' dir='ltr'><strong>sic</strong></span> <span class='ocrx_word' id='word_1_116' title='bbox 954 1792 1030 1857; x_wconf 75' lang='lat' dir='ltr'><strong>heac</strong></span> <span class='ocrx_word' id='word_1_117' title='bbox 1049 1808 1163 1874; x_wconf 85' lang='lat' dir='ltr'><strong>opera,</strong></span> <span class='ocrx_word' id='word_1_118' title='bbox 1177 1790 1239 1853; x_wconf 85' lang='lat' dir='ltr'><strong>etsi</strong></span> <span class='ocrx_word' id='word_1_119' title='bbox 1254 1786 1337 1850; x_wconf 83' lang='lat' dir='ltr'><strong>sutis</strong></span> 
     </span>
     <span class='ocr_line' id='line_1_15' title="bbox 238 1889 1336 1979; baseline -0.006 -23"><span class='ocrx_word' id='word_1_120' title='bbox 238 1910 358 1957; x_wconf 83' lang='lat' dir='ltr'><strong>manca</strong></span> <span class='ocrx_word' id='word_1_121' title='bbox 386 1899 421 1959; x_wconf 91' lang='lat' dir='ltr'><strong>et</strong></span> <span class='ocrx_word' id='word_1_122' title='bbox 448 1896 559 1974; x_wconf 72' lang='lat' dir='ltr'><strong>crille,</strong></span> <span class='ocrx_word' id='word_1_123' title='bbox 578 1896 745 1979; x_wconf 82' lang='lat' dir='ltr'><strong>juventuti</strong></span> <span class='ocrx_word' id='word_1_124' title='bbox 766 1896 897 1972; x_wconf 86' lang='lat' dir='ltr'><strong>saitem,</strong></span> <span class='ocrx_word' id='word_1_125' title='bbox 925 1894 1102 1959; x_wconf 83' lang='lat' dir='ltr'><strong>videbatur</strong></span> <span class='ocrx_word' id='word_1_126' title='bbox 1127 1890 1208 1955; x_wconf 89' lang='lat' dir='ltr'><strong>nulii</strong></span> <span class='ocrx_word' id='word_1_127' title='bbox 1237 1889 1336 1971; x_wconf 86' lang='lat' dir='ltr'><strong>piane</strong></span> 
     </span>
     <span class='ocr_line' id='line_1_16' title="bbox 238 1991 1336 2081; baseline -0.002 -26"><span class='ocrx_word' id='word_1_128' title='bbox 238 1994 316 2057; x_wconf 88' lang='lat' dir='ltr'><strong>usui</strong></span> <span class='ocrx_word' id='word_1_129' title='bbox 339 2013 432 2058; x_wconf 86' lang='lat' dir='ltr'><strong>esse:</strong></span> <span class='ocrx_word' id='word_1_130' title='bbox 455 2013 533 2057; x_wconf 89' lang='lat' dir='ltr'><strong>nam</strong></span> <span class='ocrx_word' id='word_1_131' title='bbox 561 1996 660 2060; x_wconf 85' lang='lat' dir='ltr'><strong>lectio</strong></span> <span class='ocrx_word' id='word_1_132' title='bbox 688 1996 868 2081; x_wconf 88' lang='lat' dir='ltr'><strong>cujuslibet</strong></span> <span class='ocrx_word' id='word_1_133' title='bbox 897 1996 1080 2079; x_wconf 81' lang='lat' dir='ltr'><strong>scriptoris,</strong></span> <span class='ocrx_word' id='word_1_134' title='bbox 1108 1998 1143 2057; x_wconf 90' lang='lat' dir='ltr'><strong>ct</strong></span> <span class='ocrx_word' id='word_1_135' title='bbox 1163 1991 1336 2076; x_wconf 69' lang='lat' dir='ltr'><strong>poetarum</strong></span> 
     </span>
     <span class='ocr_line' id='line_1_17' title="bbox 239 2096 1337 2184; baseline 0 -28"><span class='ocrx_word' id='word_1_136' title='bbox 239 2096 414 2179; x_wconf 81' lang='lat' dir='ltr'><strong>praecipue</strong></span> <span class='ocrx_word' id='word_1_137' title='bbox 439 2097 662 2177; x_wconf 78' lang='lat' dir='ltr'><strong>satiricorum,</strong></span> <span class='ocrx_word' id='word_1_138' title='bbox 676 2118 876 2183; x_wconf 78' lang='lat' dir='ltr'><strong>magnopere</strong></span> <span class='ocrx_word' id='word_1_139' title='bbox 890 2098 1067 2184; x_wconf 84' lang='lat' dir='ltr'><strong>adjuvatur</strong></span> <span class='ocrx_word' id='word_1_140' title='bbox 1085 2098 1244 2159; x_wconf 82' lang='lat' dir='ltr'><strong>accurata</strong></span> <span class='ocrx_word' id='word_1_141' title='bbox 1258 2108 1337 2171; x_wconf 79' lang='lat' dir='ltr'><strong>cog·</strong></span> 
     </span>
     <span class='ocr_line' id='line_1_18' title="bbox 237 2195 1336 2281; baseline -0.002 -24"><span class='ocrx_word' id='word_1_142' title='bbox 237 2195 360 2259; x_wconf 83' lang='lat' dir='ltr'><strong>uitione</strong></span> <span class='ocrx_word' id='word_1_143' title='bbox 374 2196 451 2273; x_wconf 86' lang='lat' dir='ltr'><strong>aevi,</strong></span> <span class='ocrx_word' id='word_1_144' title='bbox 467 2215 536 2281; x_wconf 87' lang='lat' dir='ltr'><strong>quo</strong></span> <span class='ocrx_word' id='word_1_145' title='bbox 561 2198 731 2277; x_wconf 83' lang='lat' dir='ltr'><strong>vivebant,</strong></span> <span class='ocrx_word' id='word_1_146' title='bbox 754 2199 955 2265; x_wconf 84' lang='lat' dir='ltr'><strong>conditionis</strong></span> <span class='ocrx_word' id='word_1_147' title='bbox 980 2196 1189 2281; x_wconf 72' lang='lat' dir='ltr'><strong>reipublicae</strong></span> <span class='ocrx_word' id='word_1_148' title='bbox 1211 2199 1245 2256; x_wconf 88' lang='lat' dir='ltr'><strong>ct</strong></span> <span class='ocrx_word' id='word_1_149' title='bbox 1265 2211 1336 2255; x_wconf 91' lang='lat' dir='ltr'><strong>mo-</strong></span> 
     </span>
     <span class='ocr_line' id='line_1_19' title="bbox 237 2298 1336 2383; baseline 0 -22"><span class='ocrx_word' id='word_1_150' title='bbox 237 2316 322 2375; x_wconf 89' lang='lat' dir='ltr'><strong>rum,</strong></span> <span class='ocrx_word' id='word_1_151' title='bbox 336 2316 411 2382; x_wconf 83' lang='lat' dir='ltr'><strong>quae</strong></span> <span class='ocrx_word' id='word_1_152' title='bbox 427 2298 511 2383; x_wconf 88' lang='lat' dir='ltr'><strong>ipsis</strong></span> <span class='ocrx_word' id='word_1_153' title='bbox 526 2304 599 2363; x_wconf 84' lang='lat' dir='ltr'><strong>ante</strong></span> <span class='ocrx_word' id='word_1_154' title='bbox 613 2301 731 2365; x_wconf 88' lang='lat' dir='ltr'><strong>oculos</strong></span> <span class='ocrx_word' id='word_1_155' title='bbox 746 2302 997 2377; x_wconf 76' lang='lat' dir='ltr'><strong>obversabatur,</strong></span> <span class='ocrx_word' id='word_1_156' title='bbox 1011 2304 1044 2365; x_wconf 91' lang='lat' dir='ltr'><strong>et</strong></span> <span class='ocrx_word' id='word_1_157' title='bbox 1057 2299 1225 2363; x_wconf 89' lang='lat' dir='ltr'><strong>hominurn</strong></span> <span class='ocrx_word' id='word_1_158' title='bbox 1239 2313 1336 2361; x_wconf 88' lang='lat' dir='ltr'><strong>evcn-</strong></span> 
     </span>
     <span class='ocr_line' id='line_1_20' title="bbox 237 2396 1335 2483; baseline -0.002 -21"><span class='ocrx_word' id='word_1_159' title='bbox 237 2404 421 2483; x_wconf 82' lang='lat' dir='ltr'><strong>torumque,</strong></span> <span class='ocrx_word' id='word_1_160' title='bbox 445 2418 584 2483; x_wconf 91' lang='lat' dir='ltr'><strong>quorum</strong></span> <span class='ocrx_word' id='word_1_161' title='bbox 606 2404 803 2467; x_wconf 89' lang='lat' dir='ltr'><strong>mentionem</strong></span> <span class='ocrx_word' id='word_1_162' title='bbox 823 2403 959 2468; x_wconf 83' lang='lat' dir='ltr'><strong>faciunt</strong></span> <span class='ocrx_word' id='word_1_163' title='bbox 1004 2400 1135 2465; x_wconf 86' lang='lat' dir='ltr'><strong>Harum</strong></span> <span class='ocrx_word' id='word_1_164' title='bbox 1154 2416 1275 2474; x_wconf 87' lang='lat' dir='ltr'><strong>rerum,</strong></span> <span class='ocrx_word' id='word_1_165' title='bbox 1291 2396 1335 2459; x_wconf 86' lang='lat' dir='ltr'><strong>ab</strong></span> 
     </span>
     <span class='ocr_line' id='line_1_21' title="bbox 237 2496 1334 2587; baseline -0.002 -24"><span class='ocrx_word' id='word_1_166' title='bbox 237 2500 313 2583; x_wconf 88' lang='lat' dir='ltr'><strong>ipso</strong></span> <span class='ocrx_word' id='word_1_167' title='bbox 328 2499 430 2583; x_wconf 67' lang='lat' dir='ltr'><strong>poeta</strong></span> <span class='ocrx_word' id='word_1_168' title='bbox 453 2502 765 2583; x_wconf 78' lang='lat' dir='ltr'><strong>cognoscendarum,</strong></span> <span class='ocrx_word' id='word_1_169' title='bbox 781 2505 811 2568; x_wconf 88' lang='lat' dir='ltr'><strong>si</strong></span> <span class='ocrx_word' id='word_1_170' title='bbox 832 2504 886 2568; x_wconf 87' lang='lat' dir='ltr'><strong>vel</strong></span> <span class='ocrx_word' id='word_1_171' title='bbox 908 2503 1039 2587; x_wconf 87' lang='lat' dir='ltr'><strong>primae,</strong></span> <span class='ocrx_word' id='word_1_172' title='bbox 1054 2506 1092 2566; x_wconf 90' lang='lat' dir='ltr'><strong>ut</strong></span> <span class='ocrx_word' id='word_1_173' title='bbox 1104 2521 1126 2564; x_wconf 83' lang='lat' dir='ltr'><strong>a</strong></span> <span class='ocrx_word' id='word_1_174' title='bbox 1143 2498 1242 2563; x_wconf 86' lang='lat' dir='ltr'><strong>nobis</strong></span> <span class='ocrx_word' id='word_1_175' title='bbox 1264 2496 1334 2561; x_wconf 84' lang='lat' dir='ltr'><strong>iac·</strong></span> 
     </span>
     <span class='ocr_line' id='line_1_22' title="bbox 235 2598 1334 2681; baseline -0.004 -16"><span class='ocrx_word' id='word_1_176' title='bbox 235 2607 305 2665; x_wconf 90' lang='lat' dir='ltr'><strong>tum</strong></span> <span class='ocrx_word' id='word_1_177' title='bbox 324 2607 385 2679; x_wconf 87' lang='lat' dir='ltr'><strong>est,</strong></span> <span class='ocrx_word' id='word_1_178' title='bbox 408 2602 506 2666; x_wconf 81' lang='lat' dir='ltr'><strong>lineae</strong></span> <span class='ocrx_word' id='word_1_179' title='bbox 530 2601 705 2681; x_wconf 82' lang='lat' dir='ltr'><strong>ducuntur,</strong></span> <span class='ocrx_word' id='word_1_180' title='bbox 730 2611 763 2668; x_wconf 91' lang='lat' dir='ltr'><strong>et</strong></span> <span class='ocrx_word' id='word_1_181' title='bbox 788 2623 919 2669; x_wconf 81' lang='lat' dir='ltr'><strong>summa</strong></span> <span class='ocrx_word' id='word_1_182' title='bbox 938 2605 1114 2668; x_wconf 79' lang='lat' dir='ltr'><strong>satirarum</strong></span> <span class='ocrx_word' id='word_1_183' title='bbox 1136 2607 1171 2665; x_wconf 88' lang='lat' dir='ltr'><strong>et</strong></span> <span class='ocrx_word' id='word_1_184' title='bbox 1196 2598 1334 2681; x_wconf 83' lang='lat' dir='ltr'><strong>singulae</strong></span> 
     </span>
    </p>
   </div>
   <div class='ocr_carea' id='block_1_3' title="bbox 147 2703 1336 2788">
    <p class='ocr_par' dir='ltr' id='par_1_4' title="bbox 147 2703 1336 2788">
     <span class='ocr_line' id='line_1_23' title="bbox 147 2703 1336 2788; baseline -0.005 -21"><span class='ocrx_word' id='word_1_185' title='bbox 147 2708 155 2719; x_wconf 85' lang='lat'>&#39;</span> <span class='ocrx_word' id='word_1_186' title='bbox 234 2723 349 2767; x_wconf 87' lang='lat' dir='ltr'><strong>earum</strong></span> <span class='ocrx_word' id='word_1_187' title='bbox 362 2710 472 2787; x_wconf 84' lang='lat' dir='ltr'><strong>partes</strong></span> <span class='ocrx_word' id='word_1_188' title='bbox 497 2704 700 2788; x_wconf 85' lang='lat' dir='ltr'><strong>aliquantum</strong></span> <span class='ocrx_word' id='word_1_189' title='bbox 723 2706 888 2771; x_wconf 88' lang='lat' dir='ltr'><strong>lucebunt.</strong></span> <span class='ocrx_word' id='word_1_190' title='bbox 933 2703 989 2768; x_wconf 76' lang='lat' dir='ltr'><strong>Aa</strong></span> <span class='ocrx_word' id='word_1_191' title='bbox 1008 2722 1096 2787; x_wconf 86' lang='lat' dir='ltr'><strong>quas</strong></span> <span class='ocrx_word' id='word_1_192' title='bbox 1120 2721 1197 2766; x_wconf 91' lang='lat' dir='ltr'><strong>cnm</strong></span> <span class='ocrx_word' id='word_1_193' title='bbox 1209 2704 1336 2764; x_wconf 85' lang='lat' dir='ltr'><strong>nouat·</strong></span> 
     </span>
    </p>
   </div>
   <div class='ocr_carea' id='block_1_4' title="bbox 222 2800 1340 4205">
    <p class='ocr_par' dir='ltr' id='par_1_5' title="bbox 222 2800 1336 2889">
     <span class='ocr_line' id='line_1_24' title="bbox 222 2800 1336 2889; baseline -0.005 -22"><span class='ocrx_word' id='word_1_194' title='bbox 222 2804 406 2869; x_wconf 82' lang='lat' dir='ltr'><strong>tenderent</strong></span> <span class='ocrx_word' id='word_1_195' title='bbox 419 2804 482 2868; x_wconf 85' lang='lat' dir='ltr'><strong>viri</strong></span> <span class='ocrx_word' id='word_1_196' title='bbox 495 2805 598 2883; x_wconf 89' lang='lat' dir='ltr'><strong>docti,</strong></span> <span class='ocrx_word' id='word_1_197' title='bbox 613 2824 786 2889; x_wconf 83' lang='lat' dir='ltr'><strong>perversas</strong></span> <span class='ocrx_word' id='word_1_198' title='bbox 808 2806 934 2870; x_wconf 84' lang='lat' dir='ltr'><strong>devita</strong></span> <span class='ocrx_word' id='word_1_199' title='bbox 951 2804 1128 2870; x_wconf 68' lang='lat' dir='ltr'><strong>iuvenalis</strong></span> <span class='ocrx_word' id='word_1_200' title='bbox 1149 2801 1260 2864; x_wconf 84' lang='lat' dir='ltr'><strong>animo</strong></span> <span class='ocrx_word' id='word_1_201' title='bbox 1273 2800 1336 2862; x_wconf 92' lang='lat' dir='ltr'><strong>im·</strong></span> 
     </span>
    </p>

    <p class='ocr_par' dir='ltr' id='par_1_6' title="bbox 236 2898 1336 3293">
     <span class='ocr_line' id='line_1_25' title="bbox 236 2898 1335 2992; baseline -0.006 -21"><span class='ocrx_word' id='word_1_202' title='bbox 236 2906 391 2971; x_wconf 88' lang='lat' dir='ltr'><strong>biberunt</strong></span> <span class='ocrx_word' id='word_1_203' title='bbox 405 2906 589 2990; x_wconf 82' lang='lat' dir='ltr'><strong>opiniones,</strong></span> <span class='ocrx_word' id='word_1_204' title='bbox 604 2927 689 2992; x_wconf 87' lang='lat' dir='ltr'><strong>quas</strong></span> <span class='ocrx_word' id='word_1_205' title='bbox 703 2914 782 2991; x_wconf 85' lang='lat' dir='ltr'><strong>post</strong></span> <span class='ocrx_word' id='word_1_206' title='bbox 808 2908 965 2990; x_wconf 84' lang='lat' dir='ltr'><strong>Lipsium</strong></span> <span class='ocrx_word' id='word_1_207' title='bbox 977 2906 1050 2989; x_wconf 84' lang='lat' dir='ltr'><strong>jam</strong></span> <span class='ocrx_word' id='word_1_208' title='bbox 1064 2904 1247 2968; x_wconf 82' lang='lat' dir='ltr'><strong>refutarunt</strong></span> <span class='ocrx_word' id='word_1_209' title='bbox 1261 2898 1335 2964; x_wconf 89' lang='lat' dir='ltr'><strong>Sal·</strong></span> 
     </span>
     <span class='ocr_line' id='line_1_26' title="bbox 237 3002 1334 3092; baseline -0.004 -23"><span class='ocrx_word' id='word_1_210' title='bbox 237 3007 363 3072; x_wconf 80' lang='lat' dir='ltr'><strong>nasius</strong></span> <span class='ocrx_word' id='word_1_211' title='bbox 377 3012 411 3072; x_wconf 89' lang='lat' dir='ltr'><strong>et</strong></span> <span class='ocrx_word' id='word_1_212' title='bbox 434 3008 640 3084; x_wconf 86' lang='lat' dir='ltr'><strong>Dodwellus,</strong></span> <span class='ocrx_word' id='word_1_213' title='bbox 656 3004 799 3092; x_wconf 82' lang='lat' dir='ltr'><strong>quorum</strong></span> <span class='ocrx_word' id='word_1_214' title='bbox 823 3006 1110 3071; x_wconf 83' lang='lat' dir='ltr'><strong>commentationes</strong></span> <span class='ocrx_word' id='word_1_215' title='bbox 1133 3002 1334 3089; x_wconf 66' lang='lat' dir='ltr'><strong>praemitten-</strong></span> 
     </span>
     <span class='ocr_line' id='line_1_27' title="bbox 237 3104 1336 3192; baseline -0.004 -21"><span class='ocrx_word' id='word_1_216' title='bbox 237 3106 299 3171; x_wconf 88' lang='lat' dir='ltr'><strong>das</strong></span> <span class='ocrx_word' id='word_1_217' title='bbox 314 3112 439 3189; x_wconf 87' lang='lat' dir='ltr'><strong>censui,</strong></span> <span class='ocrx_word' id='word_1_218' title='bbox 465 3116 504 3175; x_wconf 92' lang='lat' dir='ltr'><strong>ut</strong></span> <span class='ocrx_word' id='word_1_219' title='bbox 529 3130 569 3175; x_wconf 90' lang='lat' dir='ltr'><strong>eo</strong></span> <span class='ocrx_word' id='word_1_220' title='bbox 583 3110 715 3175; x_wconf 81' lang='lat' dir='ltr'><strong>brevior</strong></span> <span class='ocrx_word' id='word_1_221' title='bbox 734 3129 808 3174; x_wconf 89' lang='lat' dir='ltr'><strong>esse</strong></span> <span class='ocrx_word' id='word_1_222' title='bbox 830 3128 976 3192; x_wconf 82' lang='lat' dir='ltr'><strong>possem,</strong></span> <span class='ocrx_word' id='word_1_223' title='bbox 999 3126 1061 3171; x_wconf 87' lang='lat' dir='ltr'><strong>nec</strong></span> <span class='ocrx_word' id='word_1_224' title='bbox 1074 3106 1192 3171; x_wconf 86' lang='lat' dir='ltr'><strong>alienis</strong></span> <span class='ocrx_word' id='word_1_225' title='bbox 1217 3104 1336 3169; x_wconf 88' lang='lat' dir='ltr'><strong>rivulis</strong></span> 
     </span>
     <span class='ocr_line' id='line_1_28' title="bbox 237 3209 741 3293; baseline 0.01 -22"><span class='ocrx_word' id='word_1_226' title='bbox 237 3213 335 3291; x_wconf 87' lang='lat' dir='ltr'><strong>prata</strong></span> <span class='ocrx_word' id='word_1_227' title='bbox 348 3229 424 3273; x_wconf 86' lang='lat' dir='ltr'><strong>mea</strong></span> <span class='ocrx_word' id='word_1_228' title='bbox 436 3209 741 3293; x_wconf 80' lang='lat' dir='ltr'><strong>irrigasseviderer.</strong></span> 
     </span>
    </p>

    <p class='ocr_par' dir='ltr' id='par_1_7' title="bbox 235 3306 1340 4205">
     <span class='ocr_line' id='line_1_29' title="bbox 274 3306 1334 3395; baseline -0.002 -22"><span class='ocrx_word' id='word_1_229' title='bbox 274 3308 381 3373; x_wconf 81' lang='lat' dir='ltr'><strong>Index</strong></span> <span class='ocrx_word' id='word_1_230' title='bbox 395 3330 496 3373; x_wconf 82' lang='lat' dir='ltr'><strong>rerum</strong></span> <span class='ocrx_word' id='word_1_231' title='bbox 512 3321 540 3374; x_wconf 86' lang='lat' dir='ltr'><strong>et</strong></span> <span class='ocrx_word' id='word_1_232' title='bbox 557 3309 731 3389; x_wconf 79' lang='lat' dir='ltr'><strong>verborum,</strong></span> <span class='ocrx_word' id='word_1_233' title='bbox 746 3331 846 3395; x_wconf 90' lang='lat' dir='ltr'><strong>quem</strong></span> <span class='ocrx_word' id='word_1_234' title='bbox 860 3330 991 3374; x_wconf 85' lang='lat' dir='ltr'><strong>summo</strong></span> <span class='ocrx_word' id='word_1_235' title='bbox 1014 3328 1122 3393; x_wconf 87' lang='lat' dir='ltr'><strong>eoque</strong></span> <span class='ocrx_word' id='word_1_236' title='bbox 1137 3306 1334 3372; x_wconf 83' lang='lat' dir='ltr'><strong>molestissi-</strong></span> 
     </span>
     <span class='ocr_line' id='line_1_30' title="bbox 236 3410 1334 3495; baseline -0.003 -20"><span class='ocrx_word' id='word_1_237' title='bbox 236 3411 535 3489; x_wconf 64' lang='lat' dir='ltr'><strong>montaniacum</strong></span> <span class='ocrx_word' id='word_1_238' title='bbox 558 3430 656 3477; x_wconf 87' lang='lat' dir='ltr'><strong>nemo</strong></span> <span class='ocrx_word' id='word_1_239' title='bbox 685 3412 767 3477; x_wconf 90' lang='lat' dir='ltr'><strong>mihi</strong></span> <span class='ocrx_word' id='word_1_240' title='bbox 795 3413 902 3478; x_wconf 87' lang='lat' dir='ltr'><strong>otium</strong></span> <span class='ocrx_word' id='word_1_241' title='bbox 926 3412 1068 3489; x_wconf 85' lang='lat' dir='ltr'><strong>fecisset,</strong></span> <span class='ocrx_word' id='word_1_242' title='bbox 1094 3410 1168 3495; x_wconf 86' lang='lat' dir='ltr'><strong>ipse</strong></span> <span class='ocrx_word' id='word_1_243' title='bbox 1193 3410 1334 3487; x_wconf 82' lang='lat' dir='ltr'><strong>conieci,</strong></span> 
     </span>
     <span class='ocr_line' id='line_1_31' title="bbox 235 3509 1335 3598; baseline -0.004 -20"><span class='ocrx_word' id='word_1_244' title='bbox 235 3515 334 3597; x_wconf 80' lang='lat' dir='ltr'><strong>longe</strong></span> <span class='ocrx_word' id='word_1_245' title='bbox 355 3514 523 3597; x_wconf 86' lang='lat' dir='ltr'><strong>copiosior</strong></span> <span class='ocrx_word' id='word_1_246' title='bbox 548 3519 599 3577; x_wconf 77' lang='lat' dir='ltr'><strong>est</strong></span> <span class='ocrx_word' id='word_1_247' title='bbox 624 3514 677 3592; x_wconf 90' lang='lat' dir='ltr'><strong>iis,</strong></span> <span class='ocrx_word' id='word_1_248' title='bbox 693 3533 778 3598; x_wconf 89' lang='lat' dir='ltr'><strong>qnos</strong></span> <span class='ocrx_word' id='word_1_249' title='bbox 805 3514 863 3577; x_wconf 82' lang='lat' dir='ltr'><strong>aiii</strong></span> <span class='ocrx_word' id='word_1_250' title='bbox 878 3514 1136 3591; x_wconf 80' lang='lat' dir='ltr'><strong>concinnarunt3</strong></span> <span class='ocrx_word' id='word_1_251' title='bbox 1159 3509 1335 3595; x_wconf 87' lang='lat' dir='ltr'><strong>dequibus</strong></span> 
     </span>
     <span class='ocr_line' id='line_1_32' title="bbox 236 3611 1333 3698; baseline -0.007 -19"><span class='ocrx_word' id='word_1_252' title='bbox 236 3614 304 3679; x_wconf 85' lang='lat' dir='ltr'><strong>rid.</strong></span> <span class='ocrx_word' id='word_1_253' title='bbox 320 3632 397 3698; x_wconf 81' lang='lat' dir='ltr'><strong>quae</strong></span> <span class='ocrx_word' id='word_1_254' title='bbox 412 3613 483 3679; x_wconf 85' lang='lat' dir='ltr'><strong>dixi</strong></span> <span class='ocrx_word' id='word_1_255' title='bbox 510 3612 554 3677; x_wconf 88' lang='lat' dir='ltr'><strong>ad</strong></span> <span class='ocrx_word' id='word_1_256' title='bbox 581 3614 660 3679; x_wconf 84' lang='lat' dir='ltr'><strong>edit.</strong></span> <span class='ocrx_word' id='word_1_257' title='bbox 681 3612 1076 3698; x_wconf 79' lang='lat' dir='ltr'><strong>Friburg.1608;Lugd.</strong></span> <span class='ocrx_word' id='word_1_258' title='bbox 1101 3611 1199 3676; x_wconf 74' lang='grc'><strong>1664.</strong></span> <span class='ocrx_word' id='word_1_259' title='bbox 1226 3611 1333 3675; x_wconf 75' lang='lat' dir='ltr'><strong>lond.</strong></span> 
     </span>
     <span class='ocr_line' id='line_1_33' title="bbox 235 3714 1334 3799; baseline -0.003 -20"><span class='ocrx_word' id='word_1_260' title='bbox 235 3716 333 3780; x_wconf 87' lang='grc'><strong>1716.</strong></span> <span class='ocrx_word' id='word_1_261' title='bbox 356 3714 454 3779; x_wconf 75' lang='lat'><strong>1723.</strong></span> <span class='ocrx_word' id='word_1_262' title='bbox 479 3720 511 3779; x_wconf 89' lang='lat' dir='ltr'><strong>et</strong></span> <span class='ocrx_word' id='word_1_263' title='bbox 534 3714 669 3799; x_wconf 89' lang='lat' dir='ltr'><strong>Bipont.</strong></span> <span class='ocrx_word' id='word_1_264' title='bbox 693 3718 792 3781; x_wconf 81' lang='grc'><strong>1785.</strong></span> <span class='ocrx_word' id='word_1_265' title='bbox 837 3714 1073 3781; x_wconf 85' lang='lat' dir='ltr'><strong>Memorabiles</strong></span> <span class='ocrx_word' id='word_1_266' title='bbox 1091 3733 1154 3789; x_wconf 88' lang='lat' dir='ltr'><strong>res,</strong></span> <span class='ocrx_word' id='word_1_267' title='bbox 1169 3732 1270 3778; x_wconf 83' lang='lat' dir='ltr'><strong>voces</strong></span> <span class='ocrx_word' id='word_1_268' title='bbox 1293 3732 1334 3776; x_wconf 86' lang='lat' dir='ltr'><strong>ac</strong></span> 
     </span>
     <span class='ocr_line' id='line_1_34' title="bbox 236 3816 1335 3902; baseline 0 -23"><span class='ocrx_word' id='word_1_269' title='bbox 236 3816 400 3881; x_wconf 85' lang='lat' dir='ltr'><strong>dictiones</strong></span> <span class='ocrx_word' id='word_1_270' title='bbox 422 3816 565 3882; x_wconf 88' lang='lat' dir='ltr'><strong>continet</strong></span> <span class='ocrx_word' id='word_1_271' title='bbox 577 3836 702 3894; x_wconf 87' lang='lat' dir='ltr'><strong>omnes,</strong></span> <span class='ocrx_word' id='word_1_272' title='bbox 716 3822 750 3881; x_wconf 85' lang='lat' dir='ltr'><strong>et</strong></span> <span class='ocrx_word' id='word_1_273' title='bbox 768 3822 931 3902; x_wconf 87' lang='lat' dir='ltr'><strong>praeterea</strong></span> <span class='ocrx_word' id='word_1_274' title='bbox 956 3816 1145 3879; x_wconf 83' lang='lat' dir='ltr'><strong>locutiones</strong></span> <span class='ocrx_word' id='word_1_275' title='bbox 1164 3819 1234 3877; x_wconf 84' lang='lat' dir='ltr'><strong>tarn</strong></span> <span class='ocrx_word' id='word_1_276' title='bbox 1258 3834 1335 3897; x_wconf 90' lang='lat' dir='ltr'><strong>pro-</strong></span> 
     </span>
     <span class='ocr_line' id='line_1_35' title="bbox 235 3915 1334 4001; baseline -0.001 -20"><span class='ocrx_word' id='word_1_277' title='bbox 235 3917 398 3981; x_wconf 85' lang='lat' dir='ltr'><strong>verbiales</strong></span> <span class='ocrx_word' id='word_1_278' title='bbox 407 3936 506 3999; x_wconf 88' lang='lat' dir='ltr'><strong>qnam</strong></span> <span class='ocrx_word' id='word_1_279' title='bbox 519 3920 662 3983; x_wconf 81' lang='lat' dir='ltr'><strong>morales</strong></span> <span class='ocrx_word' id='word_1_280' title='bbox 672 3920 827 3996; x_wconf 81' lang='lat' dir='ltr'><strong>cursivis,</strong></span> <span class='ocrx_word' id='word_1_281' title='bbox 842 3937 925 4001; x_wconf 83' lang='lat' dir='ltr'><strong>quas</strong></span> <span class='ocrx_word' id='word_1_282' title='bbox 935 3922 1067 3994; x_wconf 87' lang='lat' dir='ltr'><strong>vocant,</strong></span> <span class='ocrx_word' id='word_1_283' title='bbox 1080 3915 1185 3981; x_wconf 82' lang='lat' dir='ltr'><strong>literis</strong></span> <span class='ocrx_word' id='word_1_284' title='bbox 1199 3916 1334 3981; x_wconf 86' lang='lat' dir='ltr'><strong>indicat.</strong></span> 
     </span>
     <span class='ocr_line' id='line_1_36' title="bbox 238 4016 1335 4105; baseline 0.002 -24"><span class='ocrx_word' id='word_1_285' title='bbox 238 4016 346 4081; x_wconf 78' lang='lat' dir='ltr'><strong>Malui</strong></span> <span class='ocrx_word' id='word_1_286' title='bbox 360 4038 493 4103; x_wconf 89' lang='lat' dir='ltr'><strong>quoque</strong></span> <span class='ocrx_word' id='word_1_287' title='bbox 510 4022 645 4086; x_wconf 88' lang='lat' dir='ltr'><strong>nimiam</strong></span> <span class='ocrx_word' id='word_1_288' title='bbox 667 4022 748 4086; x_wconf 90' lang='lat' dir='ltr'><strong>mihi</strong></span> <span class='ocrx_word' id='word_1_289' title='bbox 772 4020 919 4105; x_wconf 86' lang='lat' dir='ltr'><strong>copiam,</strong></span> <span class='ocrx_word' id='word_1_290' title='bbox 934 4038 1036 4104; x_wconf 86' lang='lat' dir='ltr'><strong>quam</strong></span> <span class='ocrx_word' id='word_1_291' title='bbox 1059 4018 1254 4083; x_wconf 84' lang='lat' dir='ltr'><strong>brevitatem</strong></span> <span class='ocrx_word' id='word_1_292' title='bbox 1276 4038 1335 4083; x_wconf 82' lang='lat' dir='ltr'><strong>cx·</strong></span> 
     </span>
     <span class='ocr_line' id='line_1_37' title="bbox 235 4120 1340 4205; baseline 0.003 -22"><span class='ocrx_word' id='word_1_293' title='bbox 235 4120 387 4203; x_wconf 85' lang='lat' dir='ltr'><strong>probrari</strong></span> <span class='ocrx_word' id='word_1_294' title='bbox 410 4139 521 4203; x_wconf 82' lang='lat' dir='ltr'><strong>posse,</strong></span> <span class='ocrx_word' id='word_1_295' title='bbox 547 4128 580 4186; x_wconf 89' lang='lat' dir='ltr'><strong>et</strong></span> <span class='ocrx_word' id='word_1_296' title='bbox 602 4124 756 4205; x_wconf 84' lang='lat' dir='ltr'><strong>quaedam</strong></span> <span class='ocrx_word' id='word_1_297' title='bbox 778 4122 888 4187; x_wconf 79' lang='lat' dir='ltr'><strong>tenuia</strong></span> <span class='ocrx_word' id='word_1_298' title='bbox 908 4140 1015 4205; x_wconf 87' lang='lat' dir='ltr'><strong>neque</strong></span> <span class='ocrx_word' id='word_1_299' title='bbox 1036 4122 1121 4185; x_wconf 85' lang='lat' dir='ltr'><strong>adeo</strong></span> <span class='ocrx_word' id='word_1_300' title='bbox 1145 4122 1340 4186; x_wconf 69' lang='lat' dir='ltr'><strong>necesmie</strong></span> 
     </span>
    </p>
   </div>
   <div class='ocr_carea' id='block_1_5' title="bbox 0 0 1596 4917">
    <p class='ocr_par' dir='ltr' id='par_1_8' title="bbox 0 0 1596 4917">
     <span class='ocr_line' id='line_1_38' title="bbox 0 0 1596 4917; baseline 0 1"><span class='ocrx_word' id='word_1_301' title='bbox 0 0 1596 4917; x_wconf 95' lang='lat' dir='ltr'><strong> </strong></span> 
     </span>
    </p>
   </div>
  </div>
 </body>
</html>
