3184 4917
672 374 810 427 earini
835 378 861 428 r.
1252 364 1318 430 137

261 522 305 587 Et
317 541 380 587 nos
393 542 471 606 ergo
484 540 617 587 manum
629 520 744 587 ierulae
759 522 991 602 subduximus,
1006 530 1041 590 et
1052 543 1115 590 nos
1271 524 1315 588 15

218 624 399 689 Consilium
410 623 559 687 dedimus
573 622 687 707 Sylla,
701 623 853 707 privabis
867 630 906 690 ut
918 625 1021 691 altum

145 774 149 781 .
222 726 406 790 Dormiret't
429 724 537 789 Stulta
549 729 600 788 est
613 726 798 801 clementia,
813 744 890 789 cnm
903 730 954 790 tot
967 727 1091 810 ubique

216 826 361 891 Vatibus
375 844 541 903 occurras,
557 826 711 909 periturae
726 844 862 907 parcere
876 826 1011 893 chartae.

259 926 327 993 Cur
341 934 451 992 temen
466 928 529 991 hoc
544 930 657 1011 potius
670 928 774 993 libeat
785 928 957 993 decurrere
969 950 1099 1014 campo,

217 1028 283 1093 Per
294 1050 391 1113 quem
402 1049 540 1112 magnus
554 1049 658 1113 equos
672 1016 840 1095 Auruncae
855 1030 948 1095 flexit
962 1032 1126 1110 alumnus,
1269 1031 1313 1097 20

216 1184 601 1251 dumdmafuimurdplloe,
620 1182 872 1251 etpriestus‘csperet
887 1202 993 1238 rom
1006 1188 1157 1251 passam.
1190 1186 1318 1237 Fatuaeae

215 1250 374 1299 miserimlia
383 1249 498 1299 atatim
511 1266 611 1327 pepyro,
625 1268 677 1315 quo
687 1251 784 1315 peribit,
794 1253 978 1316 qundoquidem
985 1254 1093 1303 ianam
1099 1257 1150 1301 taes
1159 1253 1245 1301 rreum
1254 1250 1317 1300 Po'e'·

216 1320 262 1363 tus.
294 1314 407 1363 Attamen
418 1314 440 1363 ri
451 1315 519 1363 otiare
530 1316 601 1377 estis,
620 1322 644 1365 et
655 1316 754 1378 benigne
763 1318 863 1379 arduis,
871 1333 953 1367 ceam
961 1318 1094 1379 dumbs,
1109 1314 1251 1380 queremini
1264 1316 1317 1377 pla·

214 1382 265 1427 cent
276 1379 396 1443 experiari
411 1380 457 1428 irto
472 1380 605 1443 prerertim
616 1396 705 1445 rrarpo,
719 1396 764 1445 per
780 1396 849 1445 qm
858 1396 962 1431 sam
982 1384 1101 1433 aarum
1111 1383 1227 1442 m,
1244 1394 1314 1442 eqass

135 1586 139 1591 '
214 1593 322 1638 -15·tt
340 1588 365 1637 ln
378 1591 417 1638 1³.
428 1589 465 1639 sic
476 1589 641 1653 exhibentur,
655 1584 748 1639 omisso
759 1605 796 1639 rs.
809 1594 849 1639 lo.
865 1590 1093 1641 mrorffllmm.
1126 1590 1266 1655 Serianpro
1282 1591 1317 1639 Et

215 1668 257 1702 nos
271 1658 308 1702 to.
350 1654 413 1702 Post
431 1654 585 1703 mbdusrimur
595 1661 623 1703 et
634 1653 756 1704 Dorrsr'm
774 1654 847 1718 signa
858 1655 1079 1718 interrogationis,
1095 1662 1122 1703 et
1134 1656 1238 1719 quidem
1250 1655 1316 1717 ejus,

215 1732 266 1781 qna
276 1718 435 1767 contrarium
450 1718 582 1767 videamur
593 1717 679 1768 fucere
691 1720 767 1779 velle,
785 1718 906 1782 ponenda
917 1718 1026 1780 putabat
1043 1719 1153 1779 Britan,
1169 1725 1198 1767 ut
1216 1733 1316 1780 sensns,

215 1781 293 1830 nimia
303 1782 481 1845 indignatione
491 1783 639 1843 intercisus,
647 1790 731 1832 esset:
745 1783 893 1833 numdidicl
905 1782 1098 1832 Grammaticen
1110 1788 1138 1831 et
1149 1782 1316 1845 Rhetoricen,

215 1852 245 1895 nt
260 1846 347 1894 sileam
362 1853 390 1895 et
401 1846 463 1895 nthrt
481 1847 601 1909 scribam,
616 1860 674 1896 cum
690 1861 779 1896 omnes
790 1847 905 1896 scribant
916 1846 1014 1896 indocti
1030 1849 1129 1909 pariter
1147 1853 1176 1895 et
1192 1845 1265 1895 docti
1274 1846 1318 1893 1-

216 1914 248 1959 16
266 1910 456 1960 &temetum
464 1915 505 1961 24.
522 1908 1179 1975 δμὶίω1730.11.21.24.60.61.ιΙ.ἀ1616.-18
1196 1924 1317 1958 orm

216 1976 256 2023 rs.
284 1976 386 2023 naen
402 1978 471 2023 naa
489 1990 523 2025 m.
542 1991 581 2037 pr.
613 1976 703 2025 certa
720 1979 814 2025 serr.
826 1980 932 2025 sa-ro
956 1975 1017 2025 cm
1027 1979 1069 2024 rr.
1092 1975 1165 2025 tuear
1178 1974 1258 2037 porra:
1275 1977 1316 2022 rs.

215 2042 257 2089 nt.
274 2042 314 2089 61.
334 2044 373 2089 18.
397 2043 437 2089 bt.
462 2042 503 2088 68.
529 2043 571 2089 71.
590 2043 631 2091 tn.
656 2044 697 2090 ra.
721 2038 793 2089 forte
817 2040 975 2090 concinnius.
1015 2040 1147 2089 ὤκνησε
1163 2042 1271 2088 5140
1289 2044 1319 2088 et

715 2171 822 2223 Nom

215 2281 467 2347 Poematapnnm!
786 2286 847 2335 dnm
865 2284 1000 2351 querebat
1021 2282 1152 2342 victorias,
1172 2279 1318 2343 Scipionem

248 2360 331 2409 1511
348 2374 391 2409 sor
407 2375 464 2422 ergo
481 2376 584 2423 mrum,
599 2360 651 2425 isc]
676 2362 746 2427 Ergo
785 2376 814 2411 se
835 2361 937 2426 Populo
959 2362 1083 2423 nomano,
1114 2359 1175 2407 dum
1193 2356 1318 2407 saeritim

216 2434 304 2499 quidni
316 2434 394 2483 etiam
412 2448 458 2484 nos
479 2434 620 2485 scribamus
637 2436 745 2501 aliquid,
785 2445 902 2497 exercet,
930 2436 1086 2487 Annibalem
1113 2434 1320 2500 representavit,

215 2526 273 2561 curn
285 2512 746 2563 Grammaticosetlliretoresaudie·
786 2522 817 2563 nt
829 2514 994 2563 aitvaterius
1005 2514 1135 2563 Maximus
1148 2524 1188 2560 rx.
1201 2515 1225 2559 1.
1258 2510 1320 2559 Dic-

214 2586 301 2651 rimns,
310 2602 461 2651 omnemque
472 2588 573 2635 illorum
583 2588 745 2652 disciplinam
786 2596 901 2639 taturam
919 2591 1030 2653 adeptus
1040 2590 1133 2639 mirum
1151 2602 1227 2652 quam
1237 2587 1319 2649 impo-

214 2664 365 2713 teneemus?
787 2670 876 2714 tenter
885 2665 1004 2726 gesserit,
1022 2671 1051 2712 et
1064 2662 1133 2728 qnod
1151 2676 1208 2709 eam
1218 2667 1320 2724 sponte,

247 2740 353 2802 Ferale]
370 2740 518 2804 virgultum
530 2747 571 2790 est
582 2741 746 2805 levissimum,
787 2746 817 2789 ut
833 2738 917 2788 refert
928 2739 1072 2802 Appianas,
1090 2736 1249 2801 deposuerit.
1261 2734 1320 2785 Pri-

215 2816 389 2881 dequoPlin.
402 2830 464 2865 xnr.
481 2820 522 2867 11.
555 2818 594 2866 Ex
610 2830 641 2866 eo
660 2816 691 2867 fit
708 2818 745 2867 in·
786 2821 862 2863 vatus
873 2815 998 2864 Puteolos
1013 2814 1152 2875 concernit,
1168 2810 1258 2875 ibique
1275 2824 1319 2873 pe·

214 2899 386 2942 strumentum
408 2891 481 2953 illud,
500 2905 550 2955 quo
570 2906 660 2941 manus
683 2906 746 2955 pue·
787 2891 898 2939 dicnlari
920 2890 1012 2940 morbo
1028 2889 1122 2938 misere
1142 2887 1229 2949 periit.
1260 2887 1322 2950 Vel,

214 2982 302 3017 rorum
317 2968 344 3016 in
356 2982 455 3031 poeusm
466 2966 604 3018 feriuntur.
636 2968 748 3033 Sceptra
787 2975 818 3016 nt
829 2966 872 3015 alii
882 2967 981 3029 volunt,
1000 2966 1080 3014 larris
1095 2963 1227 3013 nocturnis
1239 2962 1320 3027 agita-

215 3042 421 3107 Paedagogorum
442 3048 517 3094 vocat
536 3042 652 3093 Martial.
673 3044 748 3109 Epig.
789 3048 830 3090 tus
852 3050 1023 3105 renatusque,
1041 3042 1111 3090 inter
1122 3038 1320 3093 vociferationes

215 3124 297 3169 ndi.
788 3118 1029 3169 animamevomnit.
1063 3116 1319 3168 Ciceroinverrem.

248 3200 281 3245 le
294 3195 421 3245 Consilium
429 3196 534 3245 dedimrrr
542 3194 627 3260 Syllo]
644 3196 748 3246 Exerci-
788 3194 924 3243 Plutarch.
936 3194 1027 3243 etalii.
1258 3251 1260 3254 Ι

214 3272 416 3335 tutioniscause,
434 3272 655 3333 utlitinscbolis,
672 3272 745 3323 {ictas
819 3272 971 3321 Priruterm
987 3268 1195 3333 nltumdormiret]
1219 3270 1258 3317 Ut
1277 3267 1322 3317 de·

214 3346 335 3397 materiae
346 3348 524 3411 tractavimus,
548 3348 574 3396 in
594 3348 690 3411 triplici
707 3349 747 3398 di·
786 3348 872 3411 posito
884 3346 987 3411 imperii
1005 3361 1092 3407 onere,
1110 3352 1138 3394 et
1147 3345 1214 3393 liber
1225 3359 1240 3392 a
1251 3343 1320 3393 curis

214 3422 293 3473 cendi
315 3437 419 3485 genere,
437 3424 554 3487 adeoque
577 3424 604 3472 iu
627 3424 749 3487 suasorio,
787 3423 908 3487 publicis,
929 3422 1005 3471 animi
1025 3421 1213 3487 tranquillitate
1224 3420 1321 3469 fruere·

214 3498 288 3563 Sylla
299 3498 453 3547 deliberanti
465 3499 588 3548 suasimus
608 3506 639 3548 ut
657 3500 747 3549 Dicta·
788 3510 840 3552 tur.

214 3582 299 3624 turam
310 3574 462 3637 deponeret.
480 3574 588 3625 Quintil.
601 3586 644 3622 itt.
654 3580 678 3624 8.
687 3574 695 3603 ‘
704 3576 747 3625 So·
820 3582 853 3626 ln
869 3578 925 3627 Hoc
935 3580 1059 3627 decurrere
1072 3574 1164 3639 carspo]
1180 3573 1321 3637 Allegoria.

212 3649 286 3713 lent‚'
297 3651 390 3715 inquit,
401 3650 445 3697 ‘in
458 3649 747 3713 scbolisfingimaterire
787 3654 820 3703 Id
836 3661 886 3716 est,
903 3668 950 3703 cur
969 3666 1001 3702 ea
1016 3650 1176 3715 potissimum
1195 3648 1321 3712 gaudeam

214 3728 248 3776 ad
258 3726 453 3776 deliberandum
463 3725 479 3775 :'
495 3732 522 3774 et
540 3728 618 3789 panto
635 3733 705 3789 ante,
720 3726 747 3774 in
788 3728 986 3789 exercitatione,
1013 3726 1142 3775 scribendi
1163 3725 1272 3789 Satires,
1294 3726 1321 3773 ia
1370 3768 1375 3774 .

213 3803 360 3867 exemplum
371 3800 447 3851 affert
463 3802 561 3851 Priami
578 3801 658 3851 rerba
678 3802 747 3865 apud
788 3805 961 3869 qualmcilins
971 3808 1088 3853 versatus
1100 3808 1148 3851 est.

213 3880 358 3931 Acbittemr
376 3880 506 3943 eutSylloe
526 3879 691 3929 Dictaturam
704 3878 747 3927 de·
820 3884 852 3928 2⁰
877 3878 1008 3940 Auruncae]
1032 3878 1146 3927 imm
1165 3877 1227 3926 urbs
1246 3884 1321 3928 vetus

214 3956 334 4021 ponentis
348 3956 373 4003 in
386 3957 519 4005 concione.
787 3954 866 4017 Latii,
875 3954 902 4003 ia
915 3968 965 4017 qna
976 3954 1029 4002 nati
1039 3954 1125 4016 plnres
1137 3952 1322 4017 Satnogrsptn',

245 4032 332 4097 Syllo]
360 4032 390 4080 L.
414 4032 536 4080 Cornelius
558 4030 626 4095 Sylla
652 4030 746 4080 nobilis
787 4031 895 4093 ipseque
913 4030 1036 4089 Lucilius,
1055 4027 1088 4076 de
1108 4044 1159 4093 quo
1176 4043 1223 4079 nos
1240 4030 1322 4081 multa

214 4108 346 4159 Romanus
355 4108 503 4171 errantique
514 4106 663 4170 Scipionum
676 4104 748 4155 fami·
788 4107 835 4156 sub
847 4106 922 4155 tinem
933 4106 987 4154 Sat.
1000 4119 1019 4153 1.
1034 4105 1127 4153 t’ersii.

212 4184 257 4247 lie,
276 4184 309 4235 de
321 4198 371 4249 quo
386 4184 532 4245 dubitatur,
549 4180 674 4231 fortiorne
694 4180 748 4231 t'ue·
820 4182 926 4244 Magnus
937 4183 1056 4229 Aurunco
1066 4180 1184 4245 damen]
1207 4178 1322 4233 inertius

214 4261 259 4323 rit,
275 4274 308 4311 sn
324 4259 435 4323 felicior,
453 4258 537 4323 inquit
554 4256 707 4307 Sallustius:
725 4256 747 4307 is
787 4256 967 4323 Satyricorum
975 4256 1119 4321 Princeps;
1132 4257 1257 4324 quicquid
1268 4272 1324 4309 sen·
