3184 4917
653 418 877 474 suessanus.
1268 414 1313 481 29

204 560 408 638 desaltanda,
433 566 468 624 ct
492 564 635 628 scenicis
656 586 696 631 aa
723 568 889 635 venderet.
930 567 1130 636 Semestrr‘tus
1154 570 1313 639 militiotr‘s

204 672 369 725 tumentem
390 662 483 741 dicit,
506 666 564 748 qui
586 666 699 733 lavore
724 676 757 735 et
786 671 942 754 suffragio
966 674 1101 739 Paridis
1122 682 1311 742 semestrem

204 764 406 930 gibunatum
422 774 614 833 emeruerat.
658 770 796 855 legisse
814 792 892 857 ergo
905 774 1038 841 videtur
1058 777 1149 860 apud
1164 777 1187 841 J
1189 796 1310 843 nvena·

236 883 268 925 m
282 884 291 928 τ

379 990 443 1057 itte
457 1005 486 1059 et
502 994 622 1061 militie
638 996 743 1062 multis
758 997 896 1087 largitur
909 998 1052 1066 demerem

381 1094 550 1178 Semestrt't,
565 1110 673 1163 vntum
688 1098 803 1187 digitos
818 1102 1014 1189 circumliget
1027 1126 1116 1170 uuro.

204 1226 272 1293 Per
285 1225 430 1293 militium
442 1242 610 1297 semestrem
624 1234 777 1317 intelligit
787 1237 986 1303 tribunatum
1000 1244 1200 1317 semestrem,
1211 1240 1310 1325 cujus

202 1334 327 1396 mentio
342 1332 433 1415 apud
448 1332 592 1399 Plinium
608 1330 672 1419 Ep}
690 1352 740 1402 ιν.
754 1337 787 1401 t.
805 1355 874 1420 qua
889 1345 983 1423 rogat
1000 1338 1165 1418 Sosium,
1182 1346 1218 1406 ut
1232 1340 1312 1406 cal-

203 1434 325 1527 eisium
350 1434 519 1518 Nepotem
548 1434 712 1501 tribunatu
741 1438 878 1501 semestri
906 1439 1161 1523 splendidiorem
1190 1443 1311 1509 saciat:

201 1554 263 1619 per
274 1532 442 1619 digitorum
457 1557 568 1599 aurum
581 1538 722 1602 annulos
737 1558 855 1604 aureos
870 1541 1103 1625 etdignitatem
1112 1548 1308 1627 equestrem.

203 1636 272 1699 Sed
287 1638 376 1721 quod
388 1637 412 1701 J
414 1638 563 1704 nveualis
577 1639 757 1723 separavit,
771 1640 806 1703 in
822 1658 922 1705 uuum
932 1641 1044 1725 jungit
1058 1649 1173 1709 auctor
1187 1643 1255 1723 ille,
1271 1648 1310 1708 ut

202 1738 345 1805 sortasse
359 1742 492 1823 legerit:

374 1896 436 1964 Ille
449 1910 478 1965 et
492 1899 613 1964 militie
627 1898 730 1965 multis
746 1899 883 1988 largitus
896 1898 1040 1966 demerem

376 2008 519 2074 Semestrt'
533 2022 638 2075 uatum
653 2010 767 2099 digitos
784 2011 979 2100 circumliget
994 2033 1084 2078 curo.

201 2172 295 2239 Nam
309 2176 419 2236 vatem
432 2169 564 2235 semestri
578 2168 694 2235 militie
715 2169 868 2235 tumidum
883 2173 978 2251 dicit,
994 2193 1062 2237 nou
1078 2176 1221 2257 equestri
1237 2177 1309 2260 dig·

201 2276 315 2339 nitate.
360 2272 468 2337 Fuere
485 2268 618 2335 Tribuni
634 2270 820 2353 Loticlnoit',
835 2276 894 2359 qui
914 2277 947 2339 in
964 2294 1063 2359 spem,
1080 2278 1236 2343 senatorii
1256 2296 1309 2343 orb

201 2377 291 2441 dinis
304 2375 525 2440 Tribunatum
546 2375 712 2457 gerebant.
757 2376 890 2439 Horum
911 2377 1034 2440 mentio
1047 2375 1202 2460 frequens
1217 2378 1310 2463 apud

199 2483 344 2543 veteres:
371 2496 447 2540 nam
469 2478 626 2541 senatorii
641 2476 766 2542 ordinis
788 2478 917 2560 insigne
937 2477 1025 2542 latus
1039 2478 1169 2545 envas.
1200 2480 1306 2545 Fuere

199 2598 280 2661 ergo
294 2585 328 2643 et
342 2576 585 2663 Augusticlooii,
602 2582 701 2664 quasi
717 2580 855 2645 secundi
867 2577 989 2644 ordinis
1003 2579 1152 2645 Tribuni.
1174 2578 1308 2664 Angus-

199 2688 255 2746 tus
277 2682 393 2745 clamis
408 2678 569 2764 quimm
580 2687 671 2759 nota,
690 2688 729 2747 ut
747 2687 781 2747 et
796 2683 910 2747 annuli
925 2683 1027 2747 aurei.
1047 2678 1051 2687 ’
1070 2680 1126 2745 Ex
1139 2701 1180 2745 eo
1193 2702 1310 2765 genere

198 2789 233 2848 et
245 2789 326 2847 nota
346 2783 449 2846 fnisse
471 2788 601 2849 constat
620 2784 824 2849 'lribunatus
843 2790 1027 2861 semestres,
1049 2785 1109 2867 qui
1130 2782 1309 2865 Equitibns
1414 2840 1422 2853 ,

200 2890 329 2949 tantum
358 2888 418 2947 aut
443 2884 591 2967 equestri
616 2884 774 2967 dignitate
799 2884 931 2949 donatis
953 2882 1211 2947 conterebantur„
1256 2882 1311 2951 Ita

201 2986 311 3070 po‘etis
330 2985 400 3049 suis
423 2985 525 3049 Paris
547 2984 776 3051 Pantomimus
798 2990 972 3049 semestres
995 2984 1180 3049 tribunatus
1201 2990 1235 3049 et
1251 2987 1309 3069 jus

201 3086 394 3152 annulorum
415 3086 515 3151 simul
529 3085 685 3151 donabat.
730 3084 815 3150 Ideo
829 3084 928 3169 hujus
947 3086 1075 3168 generis
1086 3084 1307 3150 Tribuuorum

201 3199 339 3253 semestre
353 3208 464 3251 nurum
476 3194 590 3267 vocat,
604 3188 683 3271 quia
698 3194 735 3253 ut
758 3188 904 3271 dignitus
925 3205 1043 3252 eornm
1057 3187 1237 3264 semestris,
1259 3187 1309 3253 its

200 3298 234 3358 et
256 3292 392 3375 insigne.
438 3288 617 3355 Ridiculus
643 3308 745 3373 porro
768 3291 819 3353 vir
841 3305 979 3371 magnus
1002 3294 1063 3364 est,
1088 3288 1147 3371 qui
1169 3296 1310 3351 semestre

200 3412 313 3456 aarum
328 3390 416 3453 idern
425 3408 498 3453 esse
513 3388 622 3467 docet,
638 3387 729 3473 quod
742 3388 785 3451 ab
800 3387 917 3452 eodem
930 3386 1034 3471 polita
1046 3387 1181 3451 astitum
1196 3407 1309 3449 nurum

200 3494 320 3559 dicitnr
334 3492 403 3557 Sat.
419 3508 445 3557 1.
459 3490 514 3556 28.
561 3488 705 3556 Multum
719 3509 800 3555 sane
820 3490 1166 3573 interutrumqueest.
1214 3488 1307 3552 Deli·

201 3602 298 3661 catns
314 3600 349 3659 et
361 3592 482 3670 mollis,
497 3592 577 3675 quia
589 3589 745 3674 vixserre
761 3596 894 3675 poterut
908 3593 1012 3673 paulo
1025 3589 1152 3671 majoris
1165 3585 1309 3671 ponderis

197 3716 363 3784 gemmam,
385 3694 524 3758 annums
549 3693 721 3759 iaciendos
748 3694 890 3758 curabat
916 3712 960 3757 cx
982 3710 1066 3756 auro
1091 3690 1225 3765 leviore,
1247 3710 1309 3783 per

200 3804 350 3865 esuum
363 3796 546 3880 praesertim
561 3795 749 3879 gestandos,
773 3814 814 3857 ue
835 3794 957 3875 digitos
979 3794 1013 3856 iu
1027 3791 1179 3856 sudorem
1193 3789 1308 3856 darent

200 3901 379 3985 graviores.
425 3896 504 3961 Hoc
518 3897 551 3960 in
567 3884 722 3980 Crispino
738 3894 901 3961 Satiricus
914 3899 1018 3972 notat,
1033 3901 1066 3958 ct
1080 3893 1197 3976 carpit,
1208 3895 1308 3975 quasi

199 4003 357 4069 munditie
371 4005 406 4064 et
420 4000 589 4065 inusitatos
603 4000 753 4065 mollitiei
768 4002 1007 4080 argumentum,
1021 4016 1087 4061 nou
1100 3994 1190 4079 quod
1204 3996 1308 4061 moris

199 4110 299 4182 esset,
321 4104 406 4167 alios
426 4120 485 4185 per
505 4106 655 4167 testatem
677 4102 827 4177 annulos,
841 4118 900 4183 per
913 4098 1054 4163 hiemem
1076 4098 1161 4162 alios
1173 4098 1306 4180 gesturi.

201 4204 357 4271 murteum
380 4224 491 4269 aurum
513 4203 554 4269 de
567 4204 698 4269 levibns
714 4202 857 4281 annulis,
871 4208 908 4267 ut
920 4208 1031 4267 vestes
1052 4200 1168 4267 sericae
1181 4195 1307 4267 testu«
