3184 4917
770 425 979 476 BXGURSUS·

654 719 1080 802 EXCURSUS

728 921 782 974 An
797 923 871 974 Bd'l'.
887 921 938 974 vl.
954 923 1012 975 18⁸.

361 1106 520 1172 Barthius
534 1105 567 1170 in
583 1103 727 1170 Advers.
744 1120 857 1169 xxrv.
871 1104 903 1169 ὁ.
922 1103 1008 1168 hune
1027 1103 1159 1169 versum
1178 1099 1318 1186 putabat
1335 1105 1420 1189 spu-

315 1210 402 1274 rium
421 1229 496 1274 esse
519 1213 552 1272 et
572 1207 716 1271 alienum
740 1207 783 1270 ab
805 1205 872 1270 lul.
889 1206 949 1279 ubi
974 1206 1101 1287 optima
1125 1203 1175 1268 sic
1198 1204 1419 1288 interpoletur

316 1311 488 1378 sententia.
547 1299 736 1386 ‘Scilicet‘
764 1307 882 1391 inquit,
921 1306 1084 1391 ‘quidam
1113 1304 1331 1390 semi-Gallus¹
1358 1311 1419 1376 ant

317 1411 435 1490 Italus,
451 1416 507 1476 aut
520 1411 605 1476 adeo
620 1409 806 1474 Germanus
820 1407 925 1475 doluit
936 1410 996 1474 illo
1014 1429 1091 1475 sevo
1105 1411 1212 1476 scisse
1226 1406 1347 1475 Graeoe
1360 1411 1420 1477 dev

315 1514 434 1579 tinetas
448 1513 523 1578 illas
534 1513 639 1596 loqui,
659 1530 722 1577 suo
740 1531 822 1577 vero
842 1514 968 1597 turpius
987 1532 1062 1577 esse
1081 1511 1210 1576 nescire
1229 1510 1348 1576 Latine
1364 1512 1419 1578 lo·

314 1615 389 1698 qni,
411 1633 488 1698 quae
511 1614 662 1679 barbarae
687 1613 812 1697 alioqui
834 1632 902 1677 non
920 1613 1020 1678 nimis
1041 1610 1171 1678 essmt'
1214 1611 1337 1700 Neque
1355 1633 1418 1698 ego

315 1716 489 1794 dissimilo,
504 1715 586 1780 mihi
602 1733 728 1800 semper
742 1715 957 1799 displicuisse
970 1716 1057 1780 hunc
1072 1735 1213 1795 versum,
1228 1717 1288 1801 qni
1309 1716 1418 1800 magis

314 1836 454 1884 women
467 1818 713 1900 orationemque
727 1817 877 1894 rhetoris,
896 1817 1065 1881 ueletiam
1083 1816 1337 1900 interpolatoris,
1358 1817 1418 1900 qni

313 1919 385 1987 loci
409 1918 516 1986 Cicer.
543 1919 578 1982 in
604 1917 734 1984 comm.
760 1918 891 1996 laudati
911 1937 1035 1995 memor
1060 1923 1142 1998 erat,
1162 1940 1265 2005 quarn
1290 1921 1420 1986 satirici

313 2021 425 2108 politae
440 2021 576 2099 redolet,
597 2027 697 2104 atque
717 2039 740 2085 a
754 2021 852 2087 codd.
874 2021 927 2086 13.
946 2026 981 2085 et
998 2019 1053 2088 22,
1073 2023 1180 2087 abest.
1225 2021 1419 2106 inportuna

312 2123 416 2188 etiam
438 2129 489 2188 est
512 2143 580 2188 vox
607 2120 715 2206 magis,
740 2126 774 2186 et
799 2140 918 2188 manco
940 2122 973 2186 h.
987 2122 1011 2185 l.
1036 2124 1207 2201 sententia,
1232 2143 1309 2206 quae
1334 2143 1418 2208 qno-

312 2223 413 2291 modu
428 2225 601 2290 commode
615 2221 741 2307 expleri
762 2223 882 2307 possit,
897 2225 955 2288 vix
975 2224 1145 2308 mequor.
1189 2224 1282 2290 Num
1295 2245 1416 2292 sensus

312 2334 375 2405 est,
395 2329 525 2411 turpius
542 2345 620 2390 esse
642 2324 809 2389 Romanis
832 2323 1084 2409 Iatine,.qnam
1103 2323 1238 2404 Graece,
1259 2326 1416 2392 nesciret

311 2447 355 2492 an
380 2428 510 2510 turpius
536 2445 610 2490 esse
633 2424 677 2489 iis
695 2425 835 2489 ‚nescire
863 2425 995 2503 Ietine,
1021 2445 1121 2510 qnam
1148 2425 1269 2493 Graeoe
1290 2427 1417 2510 loquil

313 2527 499 2612 Utrumque
522 2547 590 2591 nou
611 2527 711 2591 modo
733 2527 877 2609 languet,
903 2525 1086 2592 sedetiam
1109 2528 1196 2596 male
1219 2534 1416 2613 expressum

356 2731 446 2798 Olim
471 2735 667 2814 arbitrabar,
693 2731 844 2798 fraudem
866 2731 993 2798 librarii
1016 2732 1052 2797 in
1074 2734 1141 2800 hoo
1163 2754 1264 2815 versu
1289 2735 1415 2818 latere3

311 2833 466 2920 idemque
495 2836 656 2920 suspicati
682 2840 758 2900 suut
783 2833 889 2900 Henr.
914 2834 1102 2920 Stephanus
1134 2835 1187 2922 (iu
1213 2836 1348 2919 dialogo
1370 2833 1416 2902 'de

311 2935 395 3000 bene
417 2935 624 3001 instituendis
648 2933 760 3000 Graec.
787 2935 865 3017 ling.
891 2935 1013 3000 studiis
1036 2957 1071 3021 p.
1094 2934 1166 3021 92.)
1193 2940 1227 3002 et
1250 2935 1414 3004 lanuinus.

310 3035 374 3102 1110
387 3036 594 3114 emendabat,
622 3033 692 3104 Quo
707 3035 749 3098 sit
763 3045 853 3118 turpe
866 3036 987 3120 maga,-
1006 3037 1062 3102 hic
1083 3039 1216 3117 melius,
1244 3037 1352 3104 Quum
1373 3037 1414 3101 sit

310 3147 400 3221 turpe
423 3137 534 3214 mium,
563 3137 653 3220 quod
677 3137 806 3220 recepit
834 3135 1005 3202 Marshsll.
1031 3144 1068 3203 ut
1090 3159 1185 3206 mens
1208 3139 1320 3224 poeto
1346 3140 1413 3206 sit':

310 3237 577 3320 quandoquidem
601 3239 709 3302 minus
734 3243 831 3320 turpe
855 3242 890 3302 et
912 3239 1118 3306 imanesum
1140 3259 1213 3306 esse
1244 3233 1415 3326 reputatur

309 3336 454 3420 linguam
484 3338 690 3404 vernaculam
718 3339 880 3420 ignorare,
913 3359 1014 3424 quam
1041 3361 1224 3409 sermonem
1254 3341 1414 3406 Graecum

310 3457 378 3508 uon
401 3438 591 3520 intelligere.
636 3438 710 3522 Ego
734 3441 816 3505 olim
838 3443 1026 3508 tentabam:
1059 3440 1177 3506 Omnia
1204 3439 1313 3506 Grae
1335 3441 1412 3508 scil·

309 3537 481 3624 proferunt
499 3554 529 3604 s.
549 3540 733 3626 loquuntur,
758 3539 864 3610 Quum
877 3541 917 3606 sie
934 3552 1024 3626 torpe
1044 3546 1144 3629 magis
1157 3543 1269 3608 nouus
1284 3543 1414 3608 tostire

311 3634 442 3718 Latios,
457 3641 510 3706 vel
524 3638 601 3708 Qua
611 3641 650 3704 sit
663 3651 751 3726 turpe
762 3643 861 3728 magis
874 3642 1037 3729 (turpius)
1051 3649 1165 3712 uostris
1178 3640 1415 3730 (nostratibus)

308 3759 393 3804 auree
419 3741 495 3806 scire
522 3741 628 3826 (quod
654 3743 888 3827 compendiose
913 3745 1135 3812 scrr'bitur'uc
1161 3741 1255 3828 scire)
1281 3739 1411 3823 Latine,

309 3860 414 3924 quam
428 3841 548 3908 Graeee
563 3843 686 3928 eloqui,
701 3845 858 3928 quoniam
872 3851 941 3912 tam
962 3846 1056 3912 foeda
1076 3855 1151 3912 sunt
1169 3854 1203 3916 et
1226 3847 1412 3912 intonans

309 3939 378 4008 Sed
393 3944 474 4011 nihil
486 3945 604 4010 horum
616 3964 704 4010 nuno
724 3947 804 4010 mihi
819 3943 951 4024 arridet,
968 3953 1003 4010 et
1019 3950 1080 4014 vix
1094 3947 1223 4023 dubito,
1244 3947 1324 4029 quin
1338 3965 1413 4011 ror·

309 4061 369 4110 sus
381 4045 434 4110 hio
455 4064 585 4130 pannus
599 4049 654 4125 sit,
677 4067 700 4113 a
712 4047 912 4116 scholastioo
935 4049 1081 4134 quodam
1100 4053 1246 4127 assutus,
1267 4053 1334 4132 qno
1357 4065 1413 4114 re·

310 4145 419 4211 scisso
435 4149 592 4234 expedita
608 4153 684 4214 sunt
698 4150 819 4216 omniu
