3184 4917
453 1166 1062 1287 PRAEFATIO.

673 1504 853 1529 mnumn

209 1724 311 1817 Cum
326 1744 360 1806 in
375 1740 500 1807 Siliano
515 1743 658 1808 carmine
681 1763 759 1809 cura
775 1761 851 1807 mea
864 1742 1098 1828 qualicumque
1113 1744 1315 1808 emendando

208 1844 470 1931 illustrandoque
489 1864 646 1924 versarer,
666 1845 740 1929 jam
770 1852 843 1910 tum
867 1844 960 1929 apud
986 1846 1133 1907 animum
1155 1844 1317 1907 constitu-

208 1966 310 2026 cram,
333 1948 362 2011 si
387 1947 584 2011 necessariis
613 1967 749 2028 augerer
772 1949 896 2032 opibus
919 1952 953 2011 et
975 1946 1154 2032 praesidiis,
1177 1944 1316 2010 eandem

210 2049 388 2133 aliquando
402 2068 537 2134 operam
551 2048 708 2113 Juvenali
723 2049 928 2135 impendere;
958 2071 1064 2134 neque
1090 2048 1236 2125 deerant,
1260 2046 1318 2131 qui

207 2171 265 2217 mc
279 2156 312 2215 et
333 2152 508 2235 promissis
531 2158 564 2216 ct
589 2152 816 2217 cohortatione
840 2152 884 2215 ad
909 2151 955 2229 id,
979 2152 1070 2235 quod
1094 2149 1318 2227 intendissem,

210 2252 446 2337 perficiendum
460 2252 654 2319 incitarent:
678 2253 736 2319 sed
760 2274 820 2338 per
842 2258 950 2318 totum
966 2253 1048 2317 illud
1063 2257 1194 2336 tempus
1208 2253 1318 2335 magis

210 2352 253 2417 de
276 2354 372 2438 sylva
395 2374 504 2418 rerum
525 2356 860 2440 observationumque
874 2354 1092 2437 congerenda,
1114 2374 1214 2438 quam
1231 2352 1321 2437 dige-

208 2455 313 2521 renda
339 2458 501 2521 sollicitus
524 2478 624 2523 eram.
678 2456 743 2522 Illo
767 2456 885 2521 deinde
906 2458 1032 2535 labore,
1067 2460 1143 2521 ante
1169 2456 1321 2522 hostros

212 2576 330 2637 annoS,
362 2559 544 2639 exantlato,
577 2560 621 2623 ad
649 2578 770 2623 novam
794 2558 880 2622 hanc
909 2560 1118 2643 provinciam
1140 2579 1202 2644 pro
1232 2557 1322 2623 virili

211 2664 307 2743 parte
320 2660 614 2725 administrandam
629 2682 683 2725 me
698 2660 844 2725 accinxi.
890 2658 1001 2739 Quam
1014 2661 1077 2724 etsi
1099 2680 1166 2724 non
1192 2661 1323 2741 ignorass

211 2761 292 2825 bam
307 2762 410 2825 multo
424 2762 561 2845 majoris
576 2782 687 2846 operae
701 2780 796 2843 esse;
818 2762 1010 2847 neutiquam
1028 2768 1137 2825 tamen
1159 2768 1267 2826 mente
1290 2765 1323 2827 ct

213 2864 413 2946 cogitatione
435 2884 677 2948 prospexeram
700 2868 825 2927 tantam
847 2863 1090 2939 difficultatum,
1116 2869 1184 2926 tam
1213 2859 1327 2927 exter-'

213 2980 332 3027 narum
358 2982 460 3047 quam
481 2965 695 3042 internarum,
726 2963 971 3028 multitudinem
997 2971 1096 3047 atque
1119 2966 1324 3045 varietatem,

215 3068 372 3155 quantum
383 3085 506 3129 revera
520 3072 678 3151 expertus
695 3086 780 3131 sum.
813 3064 870 3130 Ad
884 3066 959 3130 illas
969 3066 1107 3130 feliciter
1119 3066 1326 3150 superandus

217 3167 305 3249 opus
319 3170 371 3230 est
385 3168 467 3245 vitu,
489 3171 559 3229 tum
573 3167 665 3233 dulci
681 3170 760 3246 otio,
783 3174 852 3233 tum
867 3168 982 3232 multis
1004 3168 1251 3232 circumfluente
1265 3187 1326 3251 op·

214 3268 486 3351 portunitatibus,
520 3270 639 3351 quibus
663 3291 724 3352 ego
749 3291 849 3354 quam
875 3270 1021 3334 maxime
1047 3290 1155 3335 careo.
1201 3268 1327 3334 Gravis

216 3369 305 3433 cuim
328 3369 403 3435 haec
430 3369 515 3434 solet
535 3390 610 3434 esse
645 3373 790 3437 muneris
810 3372 1000 3439 scholastici
1016 3372 1174 3449 conditio,
1196 3376 1244 3447 ut,
1268 3368 1328 3453 qui

216 3460 257 3534 eo
281 3471 343 3535 rite
367 3470 529 3554 perfungi,
566 3476 599 3535 ct
625 3473 723 3537 simul
752 3473 912 3537 familiam
938 3474 1024 3537 alere
1051 3476 1178 3557 cupiat,
1214 3471 1327 3537 multis

216 3573 386 3657 variisque
412 3574 687 3654 occupationibus
715 3575 926 3650 distineatur,
964 3582 997 3636 et
1024 3576 1121 3653 longe
1146 3573 1328 3635 maximam

218 3672 286 3738 diei
308 3680 433 3759 partem
457 3674 635 3758 juventuti,
658 3676 790 3760 publice
812 3675 1034 3758 privatimque
1060 3673 1094 3733 in
1123 3669 1242 3733 studiis
1268 3670 1328 3735 hu·

217 3776 387 3841 munitatis
402 3795 443 3839 ao
457 3775 626 3841 literarum
640 3774 841 3852 erudiendae,
865 3772 1016 3837 addicere
1039 3772 1117 3855 ipsa
1130 3774 1328 3837 necessitate

219 3881 370 3959 cogatur.
416 3872 527 3953 Quam
549 3877 593 3940 ob
610 3894 745 3940 causam
760 3894 828 3937 non
841 3875 904 3937 nisi
921 3872 1047 3955 aliquid
1063 3874 1231 3937 subseciri
1247 3880 1329 3937 tcm-

217 3980 322 4064 poris,
346 3978 551 4059 gravioribus
568 3978 707 4059 negotiis
721 3975 934 4050 subtractum,
957 3972 979 4037 J
983 3974 1113 4038 uvenuli
1125 3996 1198 4036 meo
1214 3974 1329 4039 dicare

219 4078 303 4143 mihi
315 4076 424 4141 licuit:
449 4077 538 4159 quod
552 4078 664 4159 ipsum
679 4095 814 4159 quoque
829 4077 955 4159 saepius
970 4076 1134 4161 pluribus,
1157 4096 1242 4157 quos
1257 4095 1329 4139 sus·

219 4198 388 4263 ceperam,
408 4178 579 4243 laboribus
601 4180 747 4257 eremis,
770 4178 825 4241 vel
840 4177 1030 4241 domesticis
1046 4180 1100 4241 vel
1116 4178 1202 4255 aliis,
1234 4179 1330 4242 inter·

221 4280 435 4371 pellabaturu
463 4278 544 4345 Huc
560 4278 702 4358 accedit,
718 4278 810 4362 quod
824 4278 922 4363 hujus
937 4278 1049 4363 poetae
1063 4278 1179 4345 editori
1191 4297 1330 4344 necesso
