3184 4917
547 434 684 499 russrr,
708 436 754 487 rr
775 436 1001 490 sursulus.
1258 424 1324 493 nt

216 584 380 650 trementi
393 584 558 651 soumis
570 582 662 663 fiant,
690 584 857 651 obseoena
872 603 963 661 reso,
985 604 1062 669 quse
1074 604 1235 655 nemeen
1249 604 1324 659 no-

216 692 328 767 veunt,
344 686 388 751 ed
402 686 587 753 honestatis
598 691 632 751 et
645 685 777 751 decoris
792 686 862 752 vim
872 691 907 751 et
920 685 1325 771 eminentissimum

217 790 356 873 singulae
372 796 489 857 aetates
502 788 712 855 multorum
725 788 895 864 baberent,
906 792 940 851 et
954 787 1000 852 ad
1012 789 1151 873 politum
1165 809 1322 860 sensuum

213 893 379 978 judicium
401 890 676 973 humanitatisque
702 890 841 967 edun,
864 908 933 973 quo
959 890 1014 954 vel
1039 890 1188 959 destituti
1211 900 1324 963 ssent

141 1032 143 1037 ,
216 996 377 1061 tnmtues-
392 994 445 1060 uel
468 994 680 1069 excellerent,
706 1004 842 1057 omnem·
862 992 904 1058 de
924 991 990 1057 bec
1008 1012 1044 1057 re
1067 993 1322 1077 disputationem

217 1116 291 1161 esse
319 1096 529 1161 referendum.
583 1093 823 1161 obscenitatis
847 1095 936 1161 enim
957 1101 992 1161 et
1016 1094 1189 1163 &decom
1214 1100 1267 1168 vis
1288 1104 1323 1167 et

216 1198 627 1284 meermannianam
642 1199 733 1280 egris
745 1197 919 1282 sylvisque
930 1199 1127 1277 enantibus,
1149 1200 1240 1267 nulla
1252 1200 1323 1269 lese

216 1288 301 1381 sni't3
325 1320 367 1365 eu
381 1306 522 1379 tentum,
534 1320 611 1386 quse
626 1302 788 1385 palatum,
808 1302 936 1379 oculos,
945 1320 1042 1369 neree
1054 1303 1142 1367 mele
1154 1303 1322 1383 heberent,

216 1404 469 1469 removebantur
482 1424 503 1468 e
517 1411 712 1488 conspectu.
757 1402 977 1487 congregatis
993 1424 1075 1471 uero
1088 1405 1276 1471 bominibus
1287 1410 1323 1473 et

217 1506 251 1568 in
264 1508 442 1572 societates
457 1506 618 1582 collectis,
633 1506 909 1587 matrimonioque
921 1506 1112 1585 constituto,
1123 1506 1323 1575 verecundie

216 1608 348 1673 taudem
361 1614 442 1673 nata
454 1613 506 1672 eat
519 1613 554 1673 et
567 1607 688 1691 pudor,
704 1625 773 1690 quo
786 1606 829 1671 ab
842 1626 970 1684 eorum,
992 1626 1070 1692 quae
1084 1610 1222 1675 remotis
1235 1611 1323 1675 urbi·

215 1710 276 1775 tris
300 1711 425 1787 tierent,
449 1712 615 1775 mentione
639 1709 693 1775 vel
719 1710 931 1785 abstinerent,
958 1710 1012 1775 vel
1034 1712 1206 1777 vocabulis
1226 1732 1279 1791 ea,
1301 1732 1324 1779 a

216 1812 430 1877 similitudine
444 1813 557 1895 aliqua
570 1811 696 1895 petitis,
716 1817 752 1875 et
771 1806 1061 1875 circumlocutione
1080 1810 1226 1894 quadam
1237 1812 1324 1877 indi·

216 1920 338 1979 carent.
376 1913 454 1993 Qua
468 1916 503 1979 in
517 1934 552 1979 re
566 1919 675 1979 autem
691 1912 856 1996 antiquior
869 1917 952 1977 retas
965 1910 1093 1975 fastidii
1107 1917 1177 1977 tum
1189 1912 1323 1979 delicati

215 2034 282 2080 non
294 2022 376 2095 erat,
402 2016 437 2082 id
461 2015 551 2100 quod
572 2036 615 2081 ex
636 2015 749 2079 multis
760 2014 871 2079 verbis
884 2017 919 2077 et
930 2012 1130 2079 dictionibus
1142 2012 1232 2096 apud
1246 2012 1323 2079 llo·

217 2136 345 2183 merum
358 2126 474 2185 notum
489 2123 553 2196 est,
568 2118 688 2202 quibus
703 2115 746 2181 ed
755 2134 910 2192 amorem,
918 2114 1186 2190 familiaritatem,
1199 2120 1232 2179 et
1246 2134 1325 2181 cou-

216 2220 423 2285 suetudinem
437 2220 608 2303 utriusque
623 2237 735 2293 sexus,
747 2215 1066 2301 nuptias,etturtive
1080 2215 1203 2297 gaudie
1213 2216 1323 2299 desig·

214 2321 328 2387 nunde
353 2340 435 2387 usus
460 2330 522 2387 est.
569 2318 656 2398 Qua
682 2317 801 2384 deinde
826 2318 932 2383 verba
951 2336 974 2383 s
995 2317 1130 2399 tragicis
1149 2321 1184 2383 et
1198 2317 1323 2402 lyricis,

214 2426 316 2507 quasi
331 2426 476 2490 auctoris
490 2424 691 2508 praestantis
713 2421 969 2489 obscoenitatem
987 2421 1190 2499 emisissent,
1217 2421 1323 2506 digni-

215 2530 382 2610 tatemque
403 2527 549 2610 aliquem
570 2530 736 2591 vetustate
760 2529 871 2589 essent
893 2528 1006 2601 nacta,
1028 2542 1182 2607 magnam
1194 2530 1323 2608 partem

212 2626 287 2691 sine
302 2648 418 2693 seusus
430 2628 659 2713 exquisitioris
683 2632 717 2691 et
739 2626 903 2711 politioris
928 2624 1117 2715 offensione
1126 2624 1324 2691 adhibitain

215 2728 343 2813 vulgari
365 2750 500 2814 quoque
528 2730 691 2795 sermonis
715 2726 953 2795 eonsuetudme
977 2725 1211 2791 retinebantur.
1255 2726 1324 2793 Sed

215 2831 338 2897 relictis
352 2833 429 2897 aliis
442 2832 487 2897 ud
499 2852 540 2897 ea
553 2834 737 2909 veniemus,
765 2850 844 2914 quse
868 2828 1059 2895 communie
1076 2828 1204 2891 luenrnt
1226 2826 1324 2893 Grae-

214 2950 330 2999 eorm
342 2940 377 3000 et
391 2936 632 3012 Romanorum,
658 2933 745 2998 unde
768 2934 882 2997 multae
907 2950 960 2997 res
983 2936 1016 2994 et
1039 2928 1214 3007 dictiones,
1238 2948 1325 3013 ques

213 3040 329 3120 aupes
353 3043 386 3103 et
410 3037 573 3103 obscoena
594 3056 680 3101 nimo
701 3052 878 3111 vocemus,
902 3033 938 3097 in
951 3031 1275 3115 utrorumquelaotis
1288 3038 1325 3099 et

214 3134 327 3215 dietis,
349 3138 414 3203 nisi
428 3140 578 3205 honestae
593 3157 634 3203 ac
648 3136 834 3201 laudabiles
847 3140 965 3212 essent,
988 3138 1098 3199 tamen
1123 3134 1196 3199 sine
1214 3154 1325 3220 repre·

214 3237 371 3303 hensione
384 3241 555 3320 etliereut,
574 3246 609 3306 et
622 3239 816 3304 dicerentur.
860 3236 1011 3302 Primum
1034 3238 1113 3320 ipsa
1136 3237 1326 3322 mytborum
1424 3315 1428 3322 ι

213 3346 248 3405 et
262 3360 431 3409 sectorum
444 3345 543 3424 ratio,
568 3343 809 3426 antiquissimis
830 3340 1038 3424 temporibus
1059 3342 1134 3404 orta
1151 3347 1185 3406 et
1200 3340 1325 3407 eonsti-

211 3446 299 3522 tute,
323 3446 448 3524 multis,
473 3452 511 3510 ut
534 3466 621 3513 nuuc
647 3444 798 3530 quidem,
811 3442 961 3507 lascivis
984 3447 1019 3507 et
1036 3442 1219 3519 obscoenis,
1246 3460 1324 3525 quse

190 3614 192 3618 ,
215 3546 384 3629 religionis
395 3550 577 3615 auctoritas
588 3550 687 3632 quasi
699 3548 871 3622 sanxerat,
886 3549 1015 3609 mentes
1024 3549 1060 3608 et
1066 3562 1164 3609 aures
1175 3543 1325 3609 cestisaia

216 3666 289 3713 mes
298 3650 488 3716 assuefecit.
516 3650 647 3715 Deinde
657 3648 790 3742 Graecis
800 3644 1019 3721 etRomanis,
1031 3643 1326 3721 veteratoribus,

718 3819 825 3871 NO'l'AE

213 3944 346 3999 nunquam
363 3935 459 3987 amarit
472 3942 602 3987 menoses
618 3944 664 3987 sut
679 3936 749 4001 inge·
789 3937 882 3996 tosqae
903 3942 1004 3981 umores
1025 3927 1163 3979 invehitur.
1203 3928 1325 3979 &smine

213 4021 289 4073 nuss,
309 4024 450 4076 uunquam,
473 4012 751 4079 quodprseclareber-
790 4007 871 4060 etism
898 4005 968 4055 illius
996 4004 1122 4055 smetorls
1150 4004 1219 4055 baud
1246 4004 1325 4055 dubie

212 4084 312 4150 siugiua
330 4086 427 4152 docuit,
444 4089 657 4153 permanavit,
674 4090 750 4139 etsie
789 4098 860 4148 sepe
878 4084 950 4133 lasse
976 4082 1084 4146 buddei,
1111 4081 1145 4132 sd
1166 4078 1325 4137 bilaritstm

214 4160 288 4227 leget
307 4164 553 4232 Romtllaaqaa
568 4172 670 4217 neturus
686 4180 750 4217 nun·
790 4159 1010 4225 tactimepeeue
1021 4158 1117 4211 (trees
1130 4158 1325 4225 mettum

215 4252 293 4313 quem
313 4242 438 4305 violarim
456 4244 540 4307 potius
559 4244 674 4307 graviter
693 4246 752 4295 rub·
792 4234 910 4289 essunt!

213 4310 275 4366 inde
288 4316 315 4367 lu
325 4318 456 4369 adulteris
467 4320 571 4385 proprie
582 4320 654 4372 dicta
670 4318 752 4372 inces-
