3184 4917
521 376 658 439 remu,
682 380 729 427 nr
749 380 975 435 auruncus.
996 400 1003 418 =
1255 376 1302 445 ω

190 513 284 591 hue,
307 514 506 600 asinosque
532 521 679 587 omnium
702 542 827 607 pronos
848 528 1029 597 reddebant
1050 533 1095 599 ad
1117 536 1297 619 murm,

193 612 430 681 &ameum
442 618 642 703 languorem,
660 627 694 687 et
707 623 876 706 libidines,
892 650 970 714 quaa
985 636 1133 701 consiliis
1149 637 1299 723 Impera·

192 714 441 801 torisnovoque
466 720 611 785 civitatis
636 724 737 789 statui
764 734 1037 809 quammaxime
1062 740 1296 820 congruebant,

194 822 335 881 merltem
360 838 440 883 vero
465 820 697 889 abalienabant
719 846 742 889 a
761 828 883 893 studiis
907 834 1298 924 severioribus-ejusque

193 916 282 981 virus
306 917 510 1002 frangebant.
569 921 665 987 Idem
687 924 875 1011 Augustus,
902 940 940 999 ut
969 936 1099 1002 animos
1113 940 1250 1005 -0ivium
1273 961 1298 1009 α

191 1038 295 1085 meu
307 1021 468 1089 libertatis
482 1026 619 1091 amissa
634 1034 668 1093 et
682 1029 830 1114 diligenti
839 1040 977 1102 mutam
989 1038 1038 1102 rei
1053 1040 1297 1121 publicae'eon·

192 1122 391 1190 sideratioue
418 1134 581 1207 avocaret,
609 1131 684 1213 ipse
710 1139 820 1198 autem
846 1139 1004 1219 potentiae
1032 1160 1171 1205 securus
1195 1148 1295 1221 esset,

192 1224 323 1289 callido
333 1224 529 1293 Maecenatis
548 1232 701 1310 consilio,
717 1240 851 1301 seruata
862 1244 1001 1303 externa
1013 1240 1163 1307 civitatis
1177 1242 1296 1322 forma,

192 1325 382 1410 relictisque
395 1331 542 1395 onmium
558 1334 811 1415 magistratuum
823 1342 1182 1422 veterum-nominibus,
1203 1363 1296 1411 com·

192 1427 313 1503 modis,
331 1427 526 1513 honoribus,
551 1452 681 1499 omnem
700 1436 750 1501 ad
778 1456 815 1501 se
843 1438 996 1505 trahebat
1023 1447 1231 1524 potestatem
1259 1450 1295 1511 et

192 1526 323 1610 plehffli
338 1534 403 1593 tam
418 1534 672 1614 congiariorum,
698 1556 799 1620 quam
813 1542 1089 1622 spectaculomm,
1109 1564 1292 1625 munerum,

191 1627 408 1714 ludorumque
421 1633 628 1713 assiduitate,
643 1638 815 1717 varietate,
821 1643 855 1702 et
863 1641 1106 1721 magnificentia
1114 1645 1151 1707 in
1163 1651 1295 1728 turpem

191 1729 342 1797 inertiam
350 1738 449 1817 utque
463 1734 666 1818 torpedinem
681 1738 885 1819 resolvebat3
899 1740 1047 1805 homiues
1058 1746 1295 1809 autemsaaio·

190 1831 236 1895 ris
250 1835 368 1900 mentis
380 1840 448 1898 trum
463 1836 633 1902 beneficiis
646 1839 894 1925 honoribusque
907 1842 974 1906 sihi
990 1842 1211 1923 devinciehat,
1222 1851 1293 1910 turm

189 1932 235 1997 ad
247 1934 358 1999 studia
380 1936 552 2001 excitabat
576 1940 694 2005 artium
715 1940 963 2025 literarumque,
985 1962 1293 2027 quurumamorem

190 2033 281 2101 inani
310 2036 419 2101 laudis
446 2037 629 2120 cupiditate
650 2038 772 2105 ductus
793 2042 973 2107 similabat.
1034 2040 1161 2127 Magna
1184 2064 1292 2111 rerum

190 2135 329 2203 mutatio
347 2156 470 2205 novam
489 2139 657 2223 loquendi,
680 2143 860 2223 cogitandi,
870 2149 906 2208 et
927 2144 1046 2225 mendi
1065 2146 1227 2209 rationem
1242 2148 1293 2209 iu·

191 2234 345 2316 ducebat,
373 2244 407 2303 et
435 2240 603 2310 inlocum
629 2242 743 2308 liberae
768 2244 877 2322 uocis,
897 2244 979 2309 olim
999 2245 1054 2309 vel
1077 2246 1209 2329 scriptis
1230 2264 1292 2311 exe

190 2354 328 2419 pressae,
353 2341 409 2405 vel
436 2341 535 2406 toties
562 2342 596 2405 in
626 2344 857 2422 concionibus,
880 2345 994 2423 curiis,
1008 2343 1092 2422 soro,
1116 2351 1151 2411 et
1175 2348 1291 2413 rostris

191 2438 329 2520 suffla,
339 2460 427 2507 nunc
441 2442 642 2508 succedebat
655 2445 762 2509 oratio
779 2444 999 2523 adulatorum,
1006 2446 1290 2525 calumniatorum,

190 2548 223 2607 et
245 2561 424 2619 serrorum,
449 2545 508 2628 qui
532 2563 568 2607 se
591 2548 679 2609 totos
700 2544 744 2609 ad
766 2543 896 2609 domini
918 2546 1089 2611 arbitrium
1111 2552 1291 2631 nutumque

188 2642 363 2726 fingebant
406 2644 500 2709 Hinc
522 2664 602 2709 uera
628 2646 820 2729 eloquentia
841 2645 1003 2711 Cicerone
1026 2652 1147 2711 necato
1174 2648 1292 2716 obmu-

190 2748 349 2825 tescebat,
364 2749 398 2811 et
411 2745 522 2830 potia
533 2786 536 2793 ·
547 2752 674 2813 tantum
688 2766 755 2811 nou
769 2766 885 2813 omues
904 2752 1009 2811 eraut·
1020 2746 1204 2811 imitatores
1222 2765 1291 2811 ser·

188 2862 269 2909 vum
283 2864 396 2927 pecua
440 2846 555 2911 Nihilo
577 2852 686 2911 tamen
707 2848 820 2911 secius
845 2848 1006 2911 secum
1021 2845 1166 2927 Augusti
1186 2846 1290 2909 multo

187 2946 308 3011 melius
321 2948 517 3032 feliciusque
528 2950 601 3011 erat
615 2948 769 3013 exuemis
782 2948 895 3013 liberm
909 2948 957 3011 rei
970 2945 1115 3029 publica
1134 2946 1290 3029 tempori·

185 3045 263 3117 hus.
308 3047 469 3131 Princeps
490 3050 631 3132 imperio
653 3048 800 3131 quietem
812 3054 914 3132 atque
925 3047 1131 3130 dignitatem,
1144 3047 1291 3113 civibus·

188 3166 255 3237 que
269 3152 593 3216 securambonorum
607 3152 851 3233 possessiouem
864 3149 1031 3227 reddebat,
1042 3154 1077 3213 et
1088 3149 1194 3215 multa
1205 3149 1290 3216 vitia

188 3266 302 3315 severe
316 3250 494 3317 coercebat
504 3252 633 3333 legibus
645 3252 878 3319 saluberrimis.
923 3250 1289 3336 Ipseetiam,quamvis

188 3350 223 3415 in
235 3350 460 3417 adolescentia
472 3350 671 3417 dedecorum
686 3352 892 3435 quorundam
903 3356 938 3415 et
947 3352 982 3414 in
1005 3351 1212 3415 triumviratu
1223 3368 1289 3415 sae·

187 3452 278 3517 vitia
293 3452 463 3517 miamiam
476 3452 634 3529 subierat,
652 3456 769 3536 postea
788 3452 918 3533 magnis
935 3452 1113 3515 mutibus
1125 3450 1288 3532 pensabat

188 3554 280 3631 vitia,
292 3559 327 3618 et
339 3554 482 3619 clemens
494 3558 566 3617 erat
576 3553 729 3619 dominus
745 3572 786 3617 ec
798 3558 969 3636 patronus,
981 3551 1109 3614 amicus
1127 3549 1234 3612 comis
1245 3566 1287 3615 ac

187 3652 307 3731 tidelis,
320 3654 427 3721 honus
439 3653 677 3739 paterfamilias
698 3658 731 3718 et
752 3652 951 3737 Imperator,
962 3668 1068 3735 neque
1091 3647 1205 3711 Patris
1226 3665 1288 3731 pa·

186 3756 260 3821 trite
272 3756 404 3819 nomine
415 3754 579 3836 indignus.
623 3752 719 3817 Idem
739 3757 826 3816 artas
846 3752 1067 3835 scientiaeque
1087 3748 1232 3826 fovebat,
1254 3752 1288 3813 et

186 3856 279 3921 cives
291 3854 336 3919 ad
354 3857 509 3919 virtutem
523 3855 633 3919 sinon
651 3852 837 3929 colendam,
853 3855 942 3915 certe
959 3848 1177 3926 similandam,
1199 3868 1288 3932 prae·

185 3956 264 4023 mite
276 3957 457 4042 poenisque
471 3956 639 4021 incitabat.
684 3954 798 4019 Decor
819 3952 932 4036 itaque
954 3955 987 4015 et
1005 3951 1176 4027 honestas,
1196 3949 1286 4033 judi·

185 4058 274 4135 elna
287 4062 320 4123 et
333 4076 450 4123 sensus
462 4058 547 4137 veri,
559 4056 651 4133 boni,
661 4073 701 4121 ae
714 4054 854 4139 pulchri,
867 4052 1010 4119 noudum
1023 4052 1123 4138 plane
1138 4050 1288 4118 exdncta

185 4165 290 4238 amo,
312 4163 347 4224 et
361 4160 571 4225 acuebantur
593 4156 762 4225 literarum
773 4154 967 4221 Graecarum
987 4152 1110 4233 studio,
1124 4150 1286 4235 quoda·

184 4260 405 4347 hnc-vigebat
