3184 4917
265 411 332 479 294
586 418 795 477 ἰιιιοιιιιειιι
811 428 870 477 an
893 428 974 479 sau.
996 429 1046 478 ιν.

267 578 489 657 sequerentur,
502 590 599 657 agros
616 591 695 639 euos
716 572 826 639 viliori
848 575 955 659 pretio
976 575 1173 643 vendebant.
1220 577 1258 641 li
1277 576 1331 643 real
1350 597 1373 642 a
1446 606 1456 635 ι

266 675 410 747 librariis
433 680 483 741 est
502 694 547 739 ex
567 674 659 741 finali
682 676 777 743 litera
789 681 839 739 τοῦ
851 698 943 763 agrae
962 680 1196 762 praecedentis,
1209 685 1244 745 et
1256 699 1372 747 mona·

267 778 402 845 chorum
417 780 579 863 scriptura
591 786 648 858 ret,
663 784 701 843 ut
720 780 909 845 sexcenties
931 781 965 845 in
986 786 1065 847 vett.
1080 780 1167 846 Mas.
1188 786 1222 846 et
1245 782 1372 865 aaepiuo

267 882 310 945 ad
330 878 480 945 Martini.
503 881 632 946 monuit
655 880 859 947 Scriveriuot
890 884 988 949 eutsi
1007 884 1082 967 quis
1099 883 1133 946 τὸ
1154 882 1208 948 aad
1229 884 1371 949 tolerare

266 984 357 1061 velit,
372 988 518 1048 nostram
537 984 729 1049 seutentiam
743 984 897 1051 admittat
914 986 1054 1053 saltem?
1097 985 1227 1050 Proelia
1241 982 1371 1071 Appula

267 1084 443 1151 laudantur
456 1085 558 1151 etiarn
572 1085 628 1153 inf.
645 1101 701 1151 tx.
711 1086 951 1153 aa-Prateus
966 1094 1076 1155 tamen
1088 1090 1191 1155 etalii
1204 1110 1272 1155 non
1282 1090 1372 1156 malo

267 1188 490 1273 suspicantur,
503 1189 639 1254 minoris
650 1209 751 1274 quam
765 1190 846 1255 alibi
859 1193 993 1257 venisse
1008 1212 1105 1275 agros
1118 1192 1267 1278 Apuliae,
1279 1192 1372 1277 quod

266 1310 386 1375 magna
399 1293 470 1376 ejus
493 1311 584 1377 pars,
607 1312 707 1382 quam
726 1292 828 1377 polita
847 1296 1040 1377 respexerit,
1063 1297 1231 1362 montibus
1251 1315 1371 1380 aspera

266 1394 362 1461 fuerit
376 1415 418 1460 ee
431 1395 567 1474 sterilis,
591 1394 643 1480 (v.
658 1394 780 1461 Horat.
796 1396 866 1463 Sat.
884 1414 911 1462 1.
925 1400 958 1463 5.
970 1400 1025 1464 77.
1041 1418 1093 1483 aq.
1113 1404 1148 1464 et
1167 1394 1289 1465 Senec.
1304 1397 1370 1482 Ep.

266 1496 321 1561 87.
335 1503 369 1564 et
381 1497 436 1564 91.
459 1498 519 1563 ubi
541 1497 616 1563 baee
637 1500 805 1581 leguntur:
836 1499 945 1585 ‘Agri
958 1503 1137 1567 suburbani
1151 1508 1279 1567 tantm
1291 1520 1372 1585 poa·

266 1598 364 1679 sidet,
378 1604 537 1685 quantum
551 1602 716 1667 invidiose
728 1602 763 1665 in
775 1601 917 1667 desertis
932 1603 1069 1688 Apuliae
1083 1600 1296 1688 possideret)
1316 1602 1371 1670 vol

266 1702 356 1785 qnod
379 1699 507 1788 Apulia
531 1703 702 1769 infestetur
713 1704 862 1770 Atabolo
885 1715 997 1784 reum,
1020 1709 1079 1791 qui
1102 1707 1233 1791 plantas
1252 1706 1372 1788 frigore

266 1804 397 1883 adurat,
421 1806 464 1869 de
479 1826 546 1890 quo
560 1826 594 1871 v.
611 1806 732 1871 Horat.
747 1807 771 1872 l.
785 1808 808 1872 1.
853 1808 971 1873 Seneo.
994 1808 1077 1873 Nat.
1103 1806 1235 1887 Quaest.
1259 1825 1295 1875 v.
1316 1808 1372 1875 17.

267 1900 355 1971 ΡΙίιι.
371 1923 468 1973 xvir.
484 1909 539 1973 24.
575 1907 663 1973 Gall.
679 1924 720 1973 ιι.
735 1908 789 1973 22.
833 1907 935 1975 Alex.
949 1910 993 1974 ab
1004 1907 1105 1974 Alex.
1119 1925 1176 1973 ιιι.
1189 1910 1245 1975 22.

309 2006 464 2073 Ceterum
479 2010 678 2094 scripturam
690 2006 832 2094 Appulia
847 2028 910 2094 pro
920 2008 1041 2094 Apulia
1055 2012 1211 2078 revocavi
1224 2032 1244 2077 e
1255 2012 1371 2080 oooo.

265 2111 320 2177 65.
343 2130 384 2175 ne
404 2116 544 2177 metrum
566 2112 750 2180 laboraret:
780 2132 860 2180 nam
883 2114 1027 2198 primam
1048 2114 1124 2198 oyll.
1146 2134 1222 2180 voe.
1248 2113 1370 2199 Apulia

266 2214 400 2279 brevem
422 2234 508 2293 esse,
531 2215 721 2299 intelligitur
743 2234 787 2281 ex
812 2216 933 2285 Horat.
957 2216 1024 2283 Od.
1051 2233 1110 2283 ιιι.
1132 2216 1188 2282 24
1207 2220 1241 2282 4.
1265 2223 1300 2283 et
1323 2218 1369 2286 al.

266 2314 386 2398 Neque
399 2320 509 2379 tamen
523 2316 662 2380 eandem
685 2318 730 2381 ob
757 2336 898 2383 oausam
920 2326 1057 2385 auctore
1079 2318 1239 2385 Sohar-nil.
1259 2338 1370 2385 eureu-

266 2414 431 2481 dandum:
454 2424 484 2477 et
498 2416 628 2501 naajorer
643 2426 730 2482 tarra
745 2418 876 2502 Appula
892 2420 1016 2484 vendit.-
1042 2441 1120 2487 nam
1133 2422 1282 2488 secundo
1295 2422 1370 2507 qui-

265 2516 341 2581 dem
355 2517 430 2600 syll.
444 2522 494 2580 τοῦ
509 2516 634 2603 Apalar
648 2538 677 2583 a.
691 2518 838 2605 Appulus
858 2525 1033 2608 corripitur
1055 2544 1078 2589 a
1100 2525 1222 2609 politia,
1235 2524 1298 2591 aad
1317 2528 1369 2587 τοῦ

267 2615 389 2702 Apulia
402 2625 437 2685 et
450 2617 604 2706 Apuliam
623 2640 754 2707 semper
775 2623 980 2708 producitur,
1002 2644 1037 2691 u.
1051 2646 1083 2690 o.
1109 2628 1154 2691 eb
1169 2627 1315 2693 Horatio
1335 2627 1369 2692 io

267 2720 333 2788 Od.
348 2738 404 2789 ιιι.
419 2722 475 2790 24.
486 2726 520 2790 4.
534 2724 570 2790 in
581 2722 691 2811 Epod.
707 2742 765 2791 ιιι.
778 2725 834 2792 16.
849 2729 882 2791 et
895 2727 930 2792 in
943 2727 1015 2795 Sat.
1025 2744 1055 2795 1.
1070 2730 1102 2796 5.
1117 2729 1172 2796 77.
