3184 4917
283 371 329 439 78
731 388 778 434 uu
803 385 942 437 saurus

283 538 375 603 erum
394 530 556 609 carmina,
569 535 605 597 at
625 528 822 595 differebant
844 538 1035 614 argumento
1060 531 1200 616 ejrrsque
1222 527 1387 609 nactandi

284 635 438 711 consilio,
458 633 548 717 quod
563 632 607 697 ad
621 633 714 697 solos
726 632 780 696 vel
794 632 1063 717 philosophorum
1075 634 1130 698 vel
1149 632 1324 717 poetarum
1337 654 1387 697 er·

283 756 383 813 rores,
392 754 459 799 non
471 733 514 797 ad
525 735 604 798 vitae
615 732 816 817 quotidianae
826 753 933 798 mores
942 754 1119 819 eorumque
1128 734 1388 799 emendationem

242 878 247 887 ·
284 837 475 919 spectabat3
507 853 611 917 neque
634 833 760 910 dubito,
786 834 866 916 quin
888 854 996 898 rerum
1015 854 1147 918 quoque
1161 835 1388 899 tractationem

283 956 480 1019 magnopere
500 936 707 1019 discrepasse
732 935 975 1017 intelligeretur,
990 937 1021 1001 si
1045 936 1160 1019 integri
1179 941 1388 1020 superessent

284 1038 370 1117 Silii,
384 1056 445 1103 nec
471 1038 584 1123 potius
609 1054 779 1120 perpauca
800 1054 914 1099 eornm
930 1036 1125 1119 fragmenta,
1140 1056 1216 1120 quae
1229 1041 1385 1103 exactam

776 1184 884 1235 Nom

282 1298 370 1360 ‘bulis
402 1308 631 1371 ceruleo-satyricis
663 1308 814 1358 Groeconrro
855 1306 930 1355 ‘nist
960 1320 1106 1371 quanquam
1126 1306 1231 1370 propius
1261 1304 1294 1353 ad
1316 1304 1386 1355 illam

284 1388 291 1415 ‘
305 1385 424 1449 componi
441 1384 512 1434 uullo
526 1390 604 1447 parto
627 1390 714 1447 potest
730 1384 814 1433 liora·
854 1381 1010 1432 ‘accessisse
1021 1383 1179 1446 superiorem
1191 1382 1332 1432 Lucilianae
1340 1382 1386 1431 Sa·

283 1462 375 1512 ‘tiana
392 1460 488 1522 Satira,
509 1466 598 1523 potest
614 1461 724 1524 quodam
741 1460 816 1509 ruodo
856 1458 935 1507 ‘tire
944 1458 1074 1521 ridentur,
1083 1472 1190 1523 quarum
1198 1457 1327 1522 plerisque
1338 1470 1387 1521 par

282 1536 446 1599 ‘Luciliana,
462 1550 518 1600 quse
528 1536 665 1599 imaginem
684 1534 816 1585 referebat
856 1532 927 1583 ‘fuit
944 1534 1045 1584 ridendi
1057 1536 1187 1597 materies,
1205 1534 1288 1583 simile
1303 1534 1387 1583 cousi-

283 1614 416 1677 ‘antiqnae
455 1612 617 1662 comicorum
656 1611 813 1662 dicacitatis.
856 1610 947 1674 ‘lium,
974 1611 1064 1660 eadem
1089 1609 1259 1675 impudentia,
1284 1610 1387 1673 gemina

283 1688 408 1754 ‘Quippe
430 1702 506 1752 qnam
526 1687 629 1737 Horatii
646 1693 754 1737 reunsta
771 1700 814 1735 ur·
853 1686 1128 1737 ‘audacia-Deinde
1148 1686 1192 1734 ubi
1212 1685 1246 1733 de
1266 1687 1389 1737 maret

284 1752 600 1825 ‘insimularentur
611 1763 814 1827 gravitasacuit,
854 1756 965 1810 ‘rutisse
984 1762 1119 1825 queritur,
1150 1758 1303 1811 deducenda
1330 1760 1387 1811 sina

283 1842 291 1869 ‘
304 1846 332 1890 et
341 1840 474 1891 luvenalis
487 1840 623 1890 austeritas
638 1847 758 1905 tauqnarn
771 1856 815 1890 ve·
854 1837 863 1864 ‘
876 1836 954 1885 dubio
963 1838 1014 1885 erit
1025 1835 1166 1901 disputatio
1176 1836 1209 1885 ad
1218 1844 1302 1885 certas
1311 1850 1397 1902 qnas-¹

281 1914 366 1965 ‘neno
377 1914 494 1976 arurault,
504 1914 597 1976 Satira,
609 1914 677 1978 quod
688 1928 703 1962 a
714 1928 813 1973 morum
855 1907 934 1961 ‘dam
950 1912 1069 1975 satyricae
1086 1911 1194 1975 po'e'seos
1212 1909 1315 1976 formas,
1334 1912 1387 1977 qui·

281 1990 290 2017 ‘
302 1988 451 2051 integritate
472 1987 663 2052 serenitateque
685 1987 814 2053 prolecta,
853 1986 920 2037 ‘bns
931 1994 1040 2039 externo
1060 1988 1139 2039 etiam
1151 1988 1250 2046 babitu,
1261 2001 1308 2036 seu
1318 2000 1386 2037 coru·

281 2064 289 2092 ‘
297 2063 397 2127 judicio
415 2062 449 2113 de
471 2064 548 2113 rebus
575 2062 692 2115 humanis
712 2064 814 2114 liberali
854 2062 987 2127 ‘ponendi
999 2064 1057 2131 lege
1073 2068 1101 2113 et
1119 2062 1241 2125 artifieio,
1262 2063 1387 2127 impresse

281 2138 447 2203 ‘mentisque
476 2152 607 2201 generosae
636 2139 745 2189 honesta
776 2140 814 2188 lu·
853 2138 1046 2189 ‘similitudinis
1074 2139 1184 2202 vestigia
1212 2138 1384 2190 inveniantur.

280 2212 451 2279 ‘dignatione
479 2212 617 2274 niteretur,
650 2214 687 2278 (r.
716 2214 815 2265 Dnscle
853 2214 933 2266 ‘lam
944 2214 1078 2265 veroillod
1088 2216 1249 2278 perspicuum
1258 2221 1308 2278 est,
1317 2223 1385 2281 asty·

277 2290 290 2321 ⁴
303 2288 393 2341 Brlefe
414 2304 460 2338 sur
476 2289 543 2338 Bild.
555 2288 580 2339 d.
592 2288 768 2349 Gescbmaeks
780 2289 814 2339 Ρ.
854 2294 862 2319 ⁸
874 2290 929 2341 rica
939 2290 1092 2340 Grecorum
1100 2292 1210 2339 demta
1218 2303 1269 2339 non
1281 2305 1386 2355 compa·

281 2367 338 2414 ‘rn
351 2380 375 2429 p.
389 2362 489 2429 i—tt.)
498 2364 634 2413 materiem
644 2377 744 2413 ornnem
754 2364 815 2413 ridi-
852 2364 924 2413 ‘rari
942 2379 1000 2415 cum
1022 2365 1115 2415 Lucilii
1134 2366 1291 2429 aliorumque
1304 2365 1385 2416 diduc-

281 2438 472 2503 ‘culirepetilt
481 2439 514 2488 ab
531 2440 587 2488 istis
606 2438 765 2502 gravioribus
775 2439 813 2488 ri·
852 2441 860 2469 ⁴
872 2440 1030 2491 tirissatiris
1036 2441 1098 2492 satis
1109 2440 1310 2504 insigniteatque
1318 2454 1387 2490 com·
1407 2435 1413 2446 “

281 2514 422 2579 ‘dinque
434 2514 624 2564 essentiarita
637 2514 766 2564 homiuum
785 2522 813 2565 et
852 2516 948 2565 ‘mode
968 2530 1052 2579 posse.
1097 2514 1135 2565 At
1152 2516 1257 2565 tametsi
1273 2514 1385 2566 Romani

173 2636 178 2641 .
280 2588 425 2653 ‘moribus,
444 2604 553 2655 quaque
578 2590 696 2655 satyricis
714 2588 813 2640 salibus
853 2592 861 2620 ‘
874 2592 901 2642 in
912 2592 1056 2644 scribendis
1067 2592 1159 2642 Satiris
1165 2591 1297 2641 interdum
1308 2606 1385 2655 prox·

280 2667 288 2694 ‘
300 2664 450 2729 perfricata,
462 2665 577 2717 coirceri
588 2672 694 2729 possent
708 2674 737 2716 et
747 2667 814 2716 salu·
852 2666 861 2694 ‘
873 2666 924 2715 ime
942 2666 1108 2730 reperiuntur
1128 2664 1241 2715 abfuisse
1257 2680 1274 2715 a
1284 2664 1385 2717 drama·

278 2740 456 2806 ‘tispnblicre
473 2756 550 2793 causa
568 2740 707 2793 emendari.
741 2742 813 2793 Grae·
851 2742 926 2792 ‘tico
945 2756 1049 2808 genere,
1070 2742 1138 2807 quod
1156 2742 1250 2807 spretis
1271 2742 1320 2792 ria
1340 2756 1385 2793 an·

281 2819 389 2869 ‘corum
409 2825 500 2869 contra
515 2820 643 2883 Satyrice,
664 2818 811 2869 dicacitatis
851 2817 976 2882 ‘gnstiln
992 2818 1085 2884 quibus
1101 2815 1212 2869 docendi
1227 2816 1385 2867 radolnclu·

281 2894 289 2923 ‘
301 2894 379 2945 laude
390 2901 522 2959 contenta,
533 2908 582 2947 non
595 2904 646 2944 tam
665 2896 743 2945 risum
755 2910 811 2945 sec·
850 2892 950 2958 ‘ditnr,
960 2892 1081 2943 liberiore
1092 2906 1170 2943 cursu
1186 2891 1278 2955 femur,
1288 2904 1385 2941 rerum-

172 2964 176 2973 '
281 2970 356 3018 ‘tata
375 2977 415 3018 est
425 2970 574 3033 satyricum,
594 2984 669 3034 qnam
684 2970 811 3020 comicum
850 2972 859 2999 ‘
871 2984 920 3035 qne
938 2969 1089 3020 tractetionl
1113 2970 1266 3020 varietatem
1287 2967 1384 3032 dialogi

281 3044 290 3072 ‘
303 3042 426 3105 derisum,
442 3045 487 3110 (cf.
498 3058 554 3109 sup.
566 3052 620 3095 not.
632 3044 686 3109 Ν.)
697 3052 724 3096 ct
736 3048 814 3097 caril-
852 3046 860 3073 ‘
872 3045 989 3109 impertit
1011 3059 1043 3094 ac
1070 3044 1230 3093 subitaneam
1254 3044 1388 3108 quandam

280 3118 370 3167 ‘laudi
380 3118 462 3181 magis
482 3119 588 3168 libidine
599 3120 724 3181 excitata,
736 3134 812 3184 quam
852 3118 945 3167 ‘rime
971 3124 1059 3166 tarueu
1079 3132 1154 3167 omne
1167 3119 1217 3167 lroc
1234 3117 1384 3170 tumarice

281 3192 449 3257 ‘corrigendi
475 3194 561 3243 studio
584 3194 703 3257 impulsa,
736 3194 812 3243 modo
852 3190 1063 3254 ‘compositionis
1082 3190 1219 3241 artificium
1238 3192 1386 3257 frequenta·

282 3264 416 3317 ‘fortunas
428 3268 531 3331 cirinus,
543 3268 619 3317 inodo
637 3268 752 3332 corporis
768 3268 812 3317 de-
851 3268 928 3315 ‘tum
947 3265 1050 3315 demum
1067 3273 1107 3316 est
1123 3266 1157 3317 ab
1179 3267 1211 3315 iis
1232 3267 1327 3329 poitls,
1339 3270 1402 3334 qni,

281 3344 289 3372 ⁴
301 3342 457 3394 formitatem
470 3351 498 3393 et
509 3344 559 3393 alia
570 3342 666 3393 lerlors
677 3344 813 3408 vltia‚quae
850 3341 859 3367 ‘
869 3340 997 3404 poliendis
1006 3341 1098 3390 Satiris
1109 3340 1195 3391 Buram
1208 3342 1386 3394 adhibuissent

280 3419 463 3475 ‘comicorum
476 3420 558 3469 solent
577 3416 695 3468 ludibriis
711 3420 815 3483 agitari,
850 3418 951 3479 ‘suam,
962 3422 991 3468 et
1001 3417 1124 3467 inmedio
1135 3418 1273 3481 estposita
1283 3418 1384 3468 comm·

282 3496 514 3548 ‘contumeliarum
546 3494 641 3544 aculeis
671 3493 814 3558 lacessivit,
851 3490 923 3541 ‘dia
934 3491 1182 3557 Romanespeclea,
1198 3492 1311 3543 arctiore
1324 3494 1384 3544 dra·

281 3574 346 3637 ‘lta,
359 3577 389 3623 ut
398 3587 432 3623 ne
443 3572 628 3637 ingenuitatem
635 3570 738 3635 quidem
747 3586 814 3636 prae·
851 3569 973 3621 ‘metica
991 3570 1102 3622 udonis
1120 3572 1226 3623 viuculo
1244 3572 1300 3621 istis
1311 3572 1384 3623 ure·

283 3650 386 3699 ‘staret
402 3656 429 3697 et
446 3650 564 3698 ruborem
583 3662 655 3696 sunm
675 3648 813 3700 verborum
852 3645 960 3695 ‘eornm
979 3644 1074 3695 fabulis
1093 3647 1210 3701 astricta.
1254 3646 1384 3698 Aruinae

283 3723 466 3791 ‘turpitudine
483 3728 509 3771 et
533 3736 616 3771 rerum
641 3721 813 3774 obscenitate
851 3722 915 3771 ‘cui
938 3734 989 3772 nou
1011 3728 1167 3771 succurrunt
1185 3721 1297 3784 fabella,
1318 3737 1382 3789 quas

282 3796 418 3848 ‘vitanda
453 3798 537 3848 Quam
573 3796 676 3862 quidem
708 3795 813 3849 ridiculi
853 3798 994 3849 ‘finitimas
1021 3814 1078 3850 esse
1107 3800 1259 3851 Grecornm
1284 3801 1382 3863 Satyris

281 3873 290 3900 ‘
302 3872 424 3935 speciem,
435 3872 460 3920 in
468 3872 584 3923 oratione
596 3872 756 3923 comicorum
768 3890 812 3924 vc·
851 3880 1028 3944 ‘veteresjsni
1038 3880 1158 3931 universe
1172 3880 1382 3942 pronuntiarunt,

283 3948 342 3997 ‘lut
364 3948 559 4006 exuberantem,
579 3951 654 4015 louge
679 3952 813 4013 superavit
852 3953 979 4019 ‘qnorum
991 3954 1100 4018 judiciis
1118 3968 1174 4002 eam
1190 3953 1282 4007 licebit
1295 3952 1382 4003 mode·

281 4022 473 4075 ‘Romanorum
491 4024 634 4087 poitarrnn
654 4042 716 4091 qnos
735 4040 812 4089 supra
851 4030 998 4080 ‘rationem
1008 4030 1140 4091 adbibere,
1147 4034 1176 4077 ut
1184 4028 1305 4079 comicum
1313 4040 1383 4075 max·

281 4098 472 4163 ‘nomhabam
490 4099 602 4149 liberalis
613 4100 812 4163 testivitas,non
850 4103 921 4155 ‘ime
941 4105 1080 4170 Satyricea
1107 4107 1139 4156 ad
1165 4102 1381 4169 comparationem

281 4174 289 4201 ⁸
302 4172 348 4223 illa
356 4176 461 4238 quidem
471 4176 497 4225 iu
506 4175 640 4226 celeritate
651 4184 729 4241 atque
739 4176 812 4225 dicto
851 4180 860 4210 ⁴
872 4180 1020 4233 racemus?

283 4247 398 4314 ‘posits,
414 4248 461 4299 sed
479 4249 506 4299 lu
522 4250 698 4315 perpetuitate
717 4264 812 4319 sermo-
