3184 4917
669 422 721 477 en
743 423 825 480 sur.
849 424 884 473 v.
1262 410 1329 487 m
1411 381 1415 389 ’

194 638 196 645 ,
218 570 357 643 mordere
368 570 470 639 sordes
484 592 514 639 s.
527 574 711 641 immundus
721 570 990 660 reliquiesfnrris
1004 571 1122 654 ιαιιίιιί,
1133 574 1234 659 punis
1243 574 1328 645 adeo

218 674 304 754 duri,
319 696 418 760 quem
433 696 475 741 ne
491 696 592 743 onnes
605 676 738 762 quidem
757 696 906 743 comesse
919 685 1065 761 possent.
1110 679 1208 745 Illam
1220 698 1331 745 euren-

220 777 397 855 datlcnem,
411 781 465 844 cui
484 783 518 844 et
531 779 606 844 libri
620 778 743 857 invent,
764 798 830 843 non
848 781 1017 863 improbat
1040 780 1193 861 Preteus,
1208 787 1242 847 et
1254 781 1331 847 reli·

219 878 294 963 quis
309 880 444 964 praefert
459 878 629 958 Plntlmer,
644 885 683 945 ut
696 880 799 964 poete
812 881 978 963 eleganter
990 883 1117 948 tribunt
1128 883 1222 961 fumi,
1238 880 1330 968 quod

218 986 329 1047 orator
343 981 497 1048 famelico
515 982 890 1049 tribuisset-Lubinus
912 988 947 1047 et
971 983 1130 1050 Graevius
1142 986 1258 1069 reponi
1273 986 1329 1069 ju·

219 1083 294 1149 bent
309 1082 384 1167 quin
396 1085 508 1166 poscis,
523 1083 582 1149 sed
596 1085 728 1151 diverso
742 1085 843 1149 modo
857 1086 933 1151 lrrec
948 1089 1052 1153 verbu
1065 1094 1098 1152 et
1111 1090 1328 1170 interpreten-

218 1188 270 1248 lnr
283 1190 316 1249 et
336 1187 582 1271 interpuugunt.
627 1188 773 1253 illesic:
796 1187 873 1273 quin
889 1192 925 1253 tu
938 1190 1035 1273 longe
1054 1188 1207 1253 honestius
1217 1188 1328 1273 pneris,

217 1287 367 1371 postules
377 1297 410 1354 et
423 1298 593 1375 praeoptas
608 1291 831 1357 mendicando
840 1292 954 1375 potins
967 1297 1106 1357 tremere
1119 1298 1151 1356 et
1160 1290 1330 1357 sordidmn

217 1389 389 1455 comedere
404 1412 538 1475 penem,
555 1414 656 1478 qnam
670 1394 812 1477 turpiter
825 1394 992 1459 adulando
1005 1395 1095 1459 idem
1108 1395 1218 1459 fucere
1231 1395 1264 1461 in
1277 1394 1328 1459 di·

217 1489 322 1557 vitum
348 1495 483 1559 mensis.
529 1496 600 1561 Hic
617 1516 696 1561 vero
712 1496 773 1561 itu:
799 1492 878 1559 Tum
887 1496 1006 1581 jep'unc
1021 1495 1154 1579 fumes?
1179 1498 1326 1562 senesce

217 1596 311 1658 iente
324 1600 385 1672 est,
401 1602 439 1661 ut
452 1596 527 1663 illes
543 1601 682 1681 patiaris
697 1598 934 1667 conmmeliast
956 1598 1033 1684 quin
1042 1597 1166 1684 porcis?
1188 1620 1249 1665 cur
1261 1616 1329 1663 non

216 1693 411 1761 mendicusl
436 1696 589 1766 honestius
611 1706 672 1778 est,
697 1697 777 1780 illic,
793 1704 828 1767 in
842 1701 1011 1785 crepidine
1025 1708 1082 1767 unt
1094 1706 1208 1788 ponte,
1222 1710 1252 1765 et
1266 1711 1329 1764 tre·

216 1814 308 1875 mere,
321 1798 425 1881 frigus
441 1804 523 1884 pati,
540 1812 568 1866 et
593 1802 695 1867 sordes
707 1801 819 1889 furris
841 1802 979 1868 mordere
1002 1802 1120 1883 cunici,
1144 1810 1177 1868 et
1191 1801 1328 1868 sordido

216 1916 303 1981 pane
317 1902 421 1981 vesci,
436 1924 537 1986 quem
552 1906 585 1968 in
599 1926 716 1971 mense
730 1906 872 1971 divitum
884 1911 952 1971 tem
964 1906 1099 1989 indigna
1110 1906 1194 1989 pati.
1224 1902 1327 1969 Hunc

215 1998 391 2066 lectionem
418 2002 727 2091 distinctionemque
750 2013 940 2092 receperunt
966 2006 1165 2085 Henninins‚
1187 2012 1221 2072 et
1248 2008 1328 2089 post

216 2120 292 2167 eum
308 2105 377 2169 ulii.
422 2104 490 2169 Sed
505 2106 537 2168 ri
550 2126 673 2190 poscere
687 2109 798 2192 simpl.
812 2108 893 2192 poni
907 2128 969 2191 pro
990 2106 1164 2171 mendicare
1182 2108 1242 2173 vix
1257 2126 1328 2172 cre-

216 2202 611 2291 diderim—Grangeeus,
627 2208 841 2274 Britannicus
855 2214 888 2271 et
902 2208 960 2273 alii
979 2208 1011 2274 h.
1026 2209 1049 2273 l.
1064 2214 1184 2287 tacent,
1199 2213 1234 2273 et
1243 2207 1326 2273 diffi-

217 2306 373 2372 cultatem
387 2310 458 2395 ejus
474 2310 530 2376 vel
549 2330 616 2376 uon
631 2312 778 2377 sensisse
792 2310 954 2389 videntur,
969 2310 1025 2375 vel
1038 2312 1206 2393 supienter
1226 2309 1326 2375 dissi·

215 2408 363 2475 milasse.

260 2508 424 2595 Equidem
437 2532 505 2579 nou
517 2519 647 2581 tuntum
660 2514 742 2581 milri
755 2514 941 2593 sumserim,
955 2520 994 2579 ut
1015 2532 1085 2578 rem
1095 2530 1161 2577 ncn
1176 2514 1325 2596 tetigisse

215 2611 297 2677 milri
312 2614 542 2695 persuadeam.
587 2614 675 2681 Cum
689 2635 768 2681 vero
791 2616 826 2680 in
847 2615 1062 2693 lectionibus,
1081 2636 1157 2698 qnce
1172 2616 1207 2679 in
1220 2615 1327 2680 omni·

216 2714 281 2779 bus
292 2712 359 2779 lere
374 2716 467 2781 libris
482 2717 752 2783 circumlernntm
766 2721 849 2795 (cum
858 2717 957 2803 portis
970 2724 1005 2784 et
1016 2739 1085 2781 cum
1095 2716 1206 2800 ponit)
1227 2735 1325 2782 nemo

216 2814 315 2881 facile
340 2818 563 2900 acquiescere,
587 2822 622 2882 et
643 2817 816 2883 levissime
840 2838 957 2885 eurum
976 2820 1157 2885 mutatione
1168 2817 1324 2883 carminis

216 2917 317 2985 nitori
332 2923 432 3002 nique
457 2919 610 3003 dignitati
625 2920 751 2985 consuli
766 2926 883 3005 quent:
905 2920 1038 2987 venium
1058 2940 1156 3004 spero
1173 2919 1254 2985 mihi
1265 2918 1325 2983 du·

215 3026 285 3089 rum
299 3022 351 3098 iri,
365 3021 456 3106 qnod
468 3024 502 3087 in
514 3022 646 3089 illarum
660 3022 771 3089 locum
791 3024 891 3089 uliam
904 3026 988 3101 (cnm
996 3020 1056 3109 pol
1068 3018 1127 3106 rit)
1147 3022 1325 3089 substitue-

214 3123 288 3201 rim,
303 3144 417 3206 quam,
432 3126 584 3191 simulac
598 3126 738 3191 meliore
752 3125 890 3192 eduum
904 3124 1011 3204 fuero,
1022 3125 1140 3190 lubens
1148 3123 1324 3191 dumnelm.

215 3222 267 3289 En
281 3232 367 3292 certe
378 3226 527 3294 admissu
536 3246 604 3294 non
618 3227 730 3305 video,
749 3227 831 3311 quid
842 3227 878 3292 in
892 3226 924 3293 lu
937 3228 961 3293 l.
977 3227 1153 3311 displicere
1163 3227 1281 3310 possit,
1293 3225 1324 3291 si

214 3324 262 3391 ite
275 3346 351 3391 eum
365 3331 580 3413 exposueris:
606 3326 740 3394 Tautiue
754 3314 855 3413 pretii
869 3329 1008 3408 esttibi,
1024 3328 1079 3393 uel
1094 3347 1115 3391 a
1129 3333 1161 3393 te
1176 3328 1324 3393 aestima-

213 3434 267 3495 tnr
281 3428 401 3514 injuria
417 3452 518 3508 cuca,
532 3432 565 3494 h.
580 3451 610 3494 e.
624 3450 723 3497 coene
740 3430 913 3516 injuriose,
928 3430 1131 3507 convivium,
1143 3429 1178 3493 in
1191 3448 1261 3513 qno
1274 3432 1325 3492 tot

213 3529 362 3613 talesque
387 3532 517 3617 injuriue
541 3531 605 3597 tibi
629 3531 774 3595 serendae
798 3532 895 3597 suntl
918 3531 1001 3595 tenti
1025 3548 1158 3595 coenem
1181 3528 1325 3595 divitum

212 3632 440 3717 nobiliumque
453 3634 552 3712 iocis,
566 3640 604 3699 ut
618 3638 754 3718 propter
767 3653 842 3699 eum
854 3633 931 3699 illus
944 3632 1064 3698 toleres
1077 3631 1234 3715 iujuriasl
1257 3639 1325 3693 tam

203 3730 320 3818 jrjnun
332 3732 451 3821 sumes,
475 3733 529 3821 (nt
551 3756 605 3819 ep.
628 3734 728 3802 ovid.
744 3735 829 3801 Met.
845 3752 927 3800 νιιι.
941 3734 1033 3812 790.)
1055 3737 1189 3799 unum
1207 3736 1324 3797 etum

213 3834 286 3901 dirn
296 3843 347 3902 est
361 3836 468 3903 furnes
487 3843 555 3917 urs,
572 3844 609 3904 ut
623 3844 732 3905 tentes
746 3839 790 3905 ob
804 3858 883 3903 eam
893 3842 927 3901 et
941 3842 991 3902 tot
1003 3835 1139 3921 injurius
1161 3835 1325 3919 patienter

207 3936 321 4014 *iussi
344 3960 412 4003 curu
422 3937 490 4025 pul,
502 3941 667 4024 prosectu,
684 3945 735 4020 (ut
745 3940 878 4026 edepol,
900 3945 1042 4017 ecastor,
1063 3937 1185 4017 hercle,
1195 3956 1324 4003 moces·

212 4044 277 4118 tor,
297 4041 472 4123 mehercle)
485 4042 526 4106 rit
540 4041 705 4122 honestius,
720 4041 801 4122 illio,
826 4043 862 4106 in
883 4040 1054 4127 crepidine
1077 4041 1132 4107 vel
1152 4043 1267 4125 ponte,
1290 4048 1322 4103 et

212 4150 353 4222 tremere,
369 4143 489 4227 frigore
510 4144 653 4225 horrere,
673 4144 773 4231 (quie
794 4163 925 4241 pqnper
937 4144 1025 4209 mule
1042 4144 1185 4211 vestitus
1198 4146 1263 4221 est,
1283 4144 1322 4207 nt

213 4246 355 4327 taceam,
376 4247 466 4336 quud
489 4246 616 4333 Grung.
630 4253 754 4328 monet,
780 4248 975 4332 plerumque
992 4245 1072 4345 ficte
1095 4252 1242 4326 murore,
1263 4244 1323 4329 qui
