3184 4917
377 427 615 478 ιιιυυιιιιιιτι
639 428 864 479 sarranium
887 430 1110 483 ιυυιιιιιιιε.
1228 420 1294 485 lna

416 588 1054 697 narraras'rrlncnmrros
1087 650 1093 658 ·

531 746 708 811 Historiar.
724 748 782 813 lib.
805 764 948 813 xxvnr.

230 858 377 939 Quidam
398 860 608 939 detestantes,
623 868 659 927 ut
677 883 813 942 venena,
837 865 1016 945 doctrinas,
1040 868 1235 935 Juveunlem
1258 858 1299 935 et¹

185 960 331 1025 Marium
343 960 532 1026 Maximum
544 965 706 1031 curatiore
722 967 834 1031 studio
848 969 971 1050 legunt,
994 970 1087 1036 nulla
1108 971 1287 1050 volumina,

180 1068 304 1146 praeter
315 1064 399 1142 hac,
415 1064 450 1127 in
465 1064 628 1147 profundo
643 1066 712 1129 otio
727 1074 980 1135 contrectantes.

595 1214 888 1283 PORPHYRIO

388 1350 461 1410 seu,
476 1334 630 1418 quisquis
645 1342 706 1415 est,
721 1343 816 1403 vetus
832 1337 1091 1417 Grammaticus,
1199 1339 1202 1342 ’

398 1498 401 1507 ,
478 1434 511 1496 in
526 1433 709 1502 comment.
723 1438 766 1502 ad
782 1439 905 1503 Horat.
921 1441 993 1505 Sat.

228 1529 346 1616 Satyra
369 1532 505 1601 Horatii
527 1536 609 1599 inter
630 1536 763 1602 Lucilii
789 1538 945 1623 Satyram
974 1547 1008 1605 et
1035 1541 1211 1607 Juvenalis
1238 1548 1290 1609 est

180 1632 309 1698 modia:
331 1654 408 1699 nam
423 1641 456 1699 et
470 1638 683 1719 asperitatem
696 1638 807 1717 habet,
823 1641 953 1724 qualem
976 1642 1141 1722 Lucilius,
1160 1650 1192 1708 et
1213 1663 1287 1708 sua-

180 1734 328 1815 vitatem,
344 1740 476 1820 qualem
490 1738 681 1805 iuvenalis.

498 1896 671 1963 SUIDAS
696 1898 751 1964 IN
774 1900 971 1966 LEXICO.

225 2012 515 2081 ’ῙΟΤΒΕΝΑΑΙΟΣ
527 2019 637 2095 ποιητὴς
651 2019 800 2101 Ῥωμαῖος.
816 2017 894 2095 οὗτος
908 2016 939 2099 ἦν
954 2019 997 2083 ἔτι
1013 2022 1186 2101 Δομετιανοῦ
1200 2019 1289 2097 βασι·

181 2109 252 2186 λὲως
265 2112 425 2195 Ῥωμαίων.
464 2116 500 2179 ’0
515 2118 542 2179 δὲ
557 2122 728 2201 Δομετιανὸς
753 2120 840 2205 ἐφίλει
862 2123 910 2185 τὸν
933 2125 1075 2209 ὀρχηστὴν
1087 2120 1222 2208 πρασίνου
1235 2116 1289 2202 μί-

180 2240 243 2301 ρους
258 2216 304 2277 τὸν
319 2214 468 2301 λεγόμενοι
489 2218 590 2309 Πάριν,
605 2224 666 2309 περὶ
682 2222 712 2285 οὗ
728 2224 775 2285 καὶ
794 2225 954 2309 ἐλοιδορεῖτο
970 2224 1021 2288 oxi
1040 2229 1089 2299 τῆς
1109 2219 1287 2307 συγκλήτου,

180 2314 230 2379 καὶ
242 2316 430 2396 Ἰουβειαλῖου
444 2327 493 2383 τοῦ
507 2329 631 2399 ποιητοῦ·
656 2322 732 2399 ὅστις
752 2324 890 2403 βασιλεὺς
904 2326 1020 2411 ἐξώρισε
1041 2326 1088 2388 τοι
1100 2320 1286 2402 ’laceratam

180 2420 208 2482 ἐν
223 2420 397 2485 narrandae
412 2424 453 2485 tri
469 2428 518 2502 τὴν
533 2423 649 2505 Λιβύην.
666 2428 712 2491 τὸυ
733 2428 760 2491 δὲ
784 2429 933 2512 ὀρχηστὴν,
940 2424 1096 2503 πλουτίσας
1112 2424 1234 2507 31⁸va
1249 2427 1287 2499 ⁸35

179 2520 366 2611 Ἀντιόχειαν·
384 2522 412 2601 ὃς
427 2525 530 2602 κτίσας
544 2527 617 2594 οἶκοι
629 2531 678 2593 καὶ
691 2532 806 2618 λουτρὸν
821 2528 874 2610 ἔξω
887 2533 936 2606 τῆς
946 2530 1053 2606 πόλεως
1068 2532 1127 2593 ἐκεῖ
1138 2530 1270 2611 τελευτᾷ.

848 2780 855 2789 ι

545 2804 913 2819 ψ*

339 3011 584 3089 DIVISIO
618 3012 694 3088 ET
726 3011 1122 3091 ARGUMENTA
1202 3047 1206 3056 ’

436 3153 727 3221 SATIRARUM
749 3155 1033 3223 JUVENALIS.

219 3306 439 3373 Juvunams
468 3308 589 3375 Satirae
618 3308 762 3373 sedecim
791 3309 828 3373 iu
856 3310 968 3375 miritis
1000 3308 1186 3385 codic-ibus,
1215 3311 1284 3374 tam

178 3394 311 3493 scriptis
324 3428 425 3492 quam
439 3409 549 3487 editis,
563 3429 596 3473 v.
612 3428 644 3473 c.
656 3410 691 3473 iu
705 3410 737 3473 4.
753 3410 807 3475 19.
822 3410 876 3475 26.
884 3413 940 3475 45.
954 3411 1008 3475 46.
1023 3410 1079 3475 49.
1092 3412 1146 3475 55.
1159 3410 1215 3475 59.
1226 3410 1282 3475 70.

173 3511 233 3577 74.
259 3510 327 3588 75.,
358 3510 596 3575 distribuuntur
619 3512 654 3574 iu
678 3512 823 3596 quinque
851 3512 967 3588 libros,
991 3531 1132 3595 quorum
1153 3511 1281 3593 primus

177 3613 324 3700 quinque
337 3615 476 3697 priores,
491 3614 656 3678 secundus
672 3620 815 3689 sextam,
830 3615 946 3676 tertius
971 3628 1038 3674 vu.
1055 3627 1139 3673 νιιι.
1160 3614 1196 3673 et
1212 3624 1281 3686 rx,

177 3720 316 3799 quartus
333 3731 372 3780 x.
386 3731 441 3779 xi.
455 3720 488 3779 et
504 3732 576 3779 xri.
589 3717 803 3799 quintustrcs
815 3716 953 3783 ultimas
967 3712 1205 3794 complectitur.
1231 3709 1284 3774 Hi

176 3816 254 3881 libri
267 3813 443 3881 laudantur
452 3816 525 3901 jam
545 3836 567 3881 a
581 3815 767 3891 Prisciano,
782 3822 815 3880 et
832 3834 853 3878 a
867 3820 932 3878 vet.
949 3813 1061 3878 Schol.
1078 3812 1122 3876 ad
1137 3810 1207 3876 Sat.
1224 3827 1281 3875 ιιι.

174 3916 251 3983 240.
296 3916 391 3982 Hinc
412 3918 609 3983 divisionem
630 3919 714 3983 hanc
737 3916 865 3994 retinui,
891 3915 954 3980 etsi
977 3933 1093 3997 parum
1116 3918 1199 3996 apta
1219 3918 1281 3991 est,

175 4018 270 4102 (nam
283 4020 431 4103 plerique
451 4020 527 4083 libri
542 4039 608 4083 uon
629 4020 695 4084 nisi
717 4024 783 4084 tres
805 4017 937 4093 satiras,
954 4020 988 4079 et
1007 4013 1175 4079 secundus
1196 4012 1280 4079 adeo

175 4138 275 4189 unam
290 4125 417 4185 tantum
432 4122 598 4213 continet)
612 4126 646 4187 et
655 4122 697 4187 ab
712 4120 790 4205 ipso
804 4116 906 4205 poeta
919 4137 995 4185 eam
1009 4115 1192 4203 prolectam
1207 4133 1282 4185 esse

174 4220 237 4288 riu
249 4220 455 4288 crediderim.
