3184 4917
282 412 349 479 284
633 430 667 476 u.
690 427 795 489 sunu
819 426 1032 487 tornatura

283 568 337 647 Et,
353 570 410 653 qui
427 569 614 641 raritatibus
624 568 779 633 servabat
792 568 923 633 viscera
936 567 1052 645 Dacis,
1146 590 1151 597 ’

284 672 425 748 Fuscus,
441 690 623 735 marmorea
635 670 813 733 meditatus
825 670 943 753 praelia
954 669 1054 749 villa3

284 774 415 841 Etcum
430 773 596 837 mortifero
610 773 754 858 prudens
771 771 911 837 Veiento
927 771 1085 849 Catullo,-

283 874 352 954 Qui
366 894 532 958 nunqnam
546 876 630 941 visae
644 876 808 958 flagrabat
821 896 932 941 amore
946 875 1089 961 puellae:
1185 931 1188 938 .

283 978 466 1055 Grandem
474 978 688 1061 conspicuum
697 983 952 1062 nostroqnoque
961 984 1107 1061 tempore
1113 979 1311 1043 monstrum!
1325 978 1389 1042 115

284 1078 406 1145 Caecus
421 1079 586 1158 adulator,
600 1080 755 1163 dirusque
770 1100 791 1145 a
805 1086 904 1164 ponta
919 1081 1066 1156 satelles,

282 1228 392 1278 ratiost:
420 1234 441 1279 et
455 1230 553 1290 Mani,
564 1230 607 1292 qai
617 1230 676 1279 isliu
689 1230 773 1280 animo
783 1232 891 1279 atam
902 1230 927 1278 in
938 1231 994 1279 sidu
1004 1246 1016 1279 e
1028 1244 1152 1293 raumara,
1164 1229 1248 1280 nacta
1258 1229 1391 1278 vallaribus

282 1294 449 1348 istatimsua
459 1294 610 1343 reservabat:
625 1301 648 1343 es
659 1294 757 1345 callidus
772 1294 869 1344 Veiento
878 1310 932 1344 eum
941 1295 1023 1344 tutati
1035 1296 1139 1360 Cautio,
1155 1295 1196 1360 qai
1211 1295 1310 1344 ardebat
1325 1295 1392 1357 cupi

281 1358 578 1421 disre'airgiaissrsaqrsum
588 1354 705 1422 aspictae3
721 1374 833 1421 magstat
847 1365 918 1423 utque
932 1360 1059 1424 spectabile
1074 1359 1211 1424 prodigiam
1227 1365 1308 1408 susim
1317 1359 1391 1408 elisas

283 1427 483 1485 aramancias·
492 1423 717 1487 beatisssimus
727 1439 801 1475 samu
817 1424 927 1473 minister
940 1440 956 1471 a
971 1430 1052 1490 poste,
1061 1425 1161 1509 martas
1169 1438 1295 1487 corrogsra
1304 1424 1391 1488 uipera

285 1652 407 1699 lit—lla
427 1650 546 1713 Vegseato
558 1654 599 1701 12.
628 1652 732 1714 regma
743 1656 783 1705 ld.
802 1651 843 1705 Ct'.
858 1653 893 1703 ad
909 1668 946 1705 vs.
958 1656 1098 1703 isse-llo
1113 1668 1127 1703 s
1141 1658 1222 1715 peste,
1234 1648 1321 1703 utini.
1333 1662 1392 1701 xlv.

785 1782 895 1833 NOTAE

285 1882 353 1931 urus,
364 1869 390 1918 id
402 1876 451 1933 est,
462 1871 554 1921 saevior
569 1872 595 1920 in
612 1845 743 1921 sdereuda
754 1872 819 1921 mni·
858 1872 924 1921 Erat
940 1870 1006 1921 enim
1024 1870 1093 1919 douai
1108 1869 1212 1931 nobilis,
1224 1867 1269 1917 sed
1288 1867 1342 1915 otio
1361 1882 1393 1917 ac

284 1946 583 2011 tisperniciescmorte
599 1964 722 2013 persnas
734 1954 820 1999 tectas
858 1949 960 2001 deliciis
980 1949 1122 1999 innutritus
1143 1962 1235 2012 parum
1257 1954 1316 1996 erat
1337 1946 1394 1996 ido·

285 2022 429 2073 delationes
447 2030 526 2089 atque
544 2025 733 2075 susurrationes
750 2026 819 2090 apud
859 2042 931 2089 neos,
951 2028 994 2076 nui
1017 2040 1115 2076 sunaus
1143 2024 1205 2073 beili
1229 2022 1392 2085 crederetur,

286 2098 474 2150 Domitianum.
780 2122 781 2127 ¹
859 2103 1008 2154 marmoreis
1042 2100 1142 2151 sedibus
1171 2102 1253 2163 magis
1290 2103 1393 2149 maneto

303 2218 305 2231 ,
318 2179 365 2225 111
387 2176 536 2240 Vulturidas]
558 2176 594 2227 Hi
606 2177 692 2227 triduo
703 2184 764 2229 ante
776 2179 818 2228 rel
859 2195 935 2247 quarn
946 2178 1049 2229 eastris.

286 2250 364 2300 biduo
377 2253 460 2302 solent
472 2254 591 2315 volitare,
602 2253 646 2303 ubi
657 2251 746 2303 futura
755 2269 820 2318 prse-
892 2260 940 2306 lls
954 2252 1091 2319 Mortifera]
1102 2252 1230 2302 Delatore
1238 2248 1392 2315 pernicioso.

285 2327 401 2376 sentiunt
417 2327 553 2378 cadavera.
580 2328 650 2378 Pliu.
666 2342 695 2379 x.
708 2334 733 2379 o.
750 2328 820 2379 Vide
893 2329 1012 2393 Prudens]
1027 2328 1087 2391 Vel,
1104 2334 1188 2379 astute
1204 2327 1318 2377 serviens
1328 2334 1393 2375 tarn-

285 2401 421 2453 Plutarch.
438 2404 539 2455 Quart.
557 2410 626 2453 cent.
639 2403 720 2463 llum.
734 2406 775 2453 98.
792 2412 821 2453 et
860 2409 927 2473 pori,
939 2409 981 2457 rel
998 2406 1103 2469 doetus,
1120 2410 1190 2455 teate
1207 2403 1327 2455 Cornelio
1343 2402 1395 2452 Τι-

287 2476 352 2527 eat.
365 2478 473 2541 Rhodig.
485 2492 545 2527 vrrs.
558 2483 598 2529 18.
610 2486 638 2529 at
649 2492 741 2529 xxvrr.
752 2484 777 2529 8.
860 2487 913 2534 cito
926 2483 1019 2534 rinnai.
1029 2488 1069 2534 14.

318 2554 406 2620 Dacis]
431 2556 514 2605 Daris
534 2556 645 2619 Europe
665 2557 736 2621 regio
757 2556 821 2605 satis
895 2560 1003 2623 Veiento]
1025 2552 1159 2607 Fabricius
1176 2553 1324 2618 Veieato‚de
1340 2568 1393 2617 quo

286 2632 380 2695 ampla,
408 2632 629 2696 l'ransylrsniam,
652 2632 821 2698 Moldaviam,
855 2637 912 2702 jam
924 2643 986 2686 ants
997 2639 1050 2687 sat.
1060 2639 1084 2685 a.
1100 2649 1137 2685 rs.
1149 2638 1206 2682 185.
1224 2635 1327 2695 etpost
1342 2644 1394 2679 aru·

286 2716 314 2759 et
323 2709 473 2761 valachiam
486 2710 716 2776 comprehendens.
859 2713 929 2777 plius
940 2714 996 2762 Sat.
1004 2716 1030 2763 6.

288 2818 290 2823 ·
320 2784 626 2840 Qsimltaridusserauict
635 2786 820 2852 mammen]
894 2788 999 2853 emata]
1022 2788 1091 2839 Pliu.
1112 2788 1170 2837 Lib.
1190 2800 1229 2836 ιν.
1248 2785 1332 2850 Epist.
1350 2787 1392 2833 22.

287 2861 365 2912 Fusci
385 2864 453 2913 enirn
473 2864 585 2915 cadaver
605 2866 750 2929 expositum
770 2866 821 2916 i'ait
860 2864 1025 2928 ‘Ooeuabat'
1035 2863 1149 2929 inquit,‘
1162 2862 1251 2912 Nerva
1263 2874 1322 2910 cnm
1334 2873 1411 2924 pan--

188 2945 191 2958 '
287 2943 425 2993 voracitati
443 2943 529 2993 svium
546 2943 683 3008 ejusmodi,
700 2958 758 2995 curn
772 2960 822 2995 cae-
861 2942 908 3005 cis,
918 2942 1030 2990 Veiento
1039 2940 1178 3004 proximus,
1187 2947 1266 3004 atque
1277 2938 1357 2987 etiarn
1366 2935 1394 2985 in

287 3032 330 3066 sus
341 3022 448 3069 essetin
464 3020 559 3081 Dacia,
575 3035 626 3085 qno
642 3022 820 3071 bellumintu·
860 3018 919 3067 sinn
937 3016 1115 3067 recumbebat.
1148 3014 1213 3065 Dixi
1232 3013 1318 3063 omnis
1334 3026 1393 3062 cum

287 3092 363 3141 ierat.
402 3094 531 3144 Martialis
559 3096 690 3159 Epigrsm.
714 3111 752 3147 vr.
778 3102 820 3146 76.
860 3093 990 3143 bominem
1001 3092 1138 3141 nominari.
1156 3091 1254 3143 Incidit
1265 3104 1349 3139 sermo
1360 3089 1393 3138 de

287 3166 358 3215 ‘llis
377 3169 443 3217 sacri
460 3169 549 3219 lateris
565 3177 653 3219 erratas
674 3172 821 3236 Martisque
862 3168 965 3219 Catullo
978 3167 1128 3229 Messalino,
1137 3168 1182 3231 qui
1199 3166 1339 3215 luminibus
1354 3180 1395 3214 or·

288 3242 380 3304 togati,
388 3243 495 3291 credita
504 3245 546 3292 cni
555 3246 646 3293 summi
654 3244 822 3296 castrat'uera
860 3244 938 3294 batus
960 3243 1064 3307 ingenio
1086 3257 1157 3291 saevo
1178 3244 1247 3292 mata
1268 3242 1394 3291 caecitatis

288 3319 382 3381 Ducis,
410 3321 462 3370 llic
485 3321 550 3370 situs
571 3326 610 3371 est
632 3324 739 3384 Fuscus,
758 3324 821 3374 licet
862 3318 1016 3368 addiderat:
1033 3331 1085 3366 non
1105 3317 1253 3377 rerabstur,
1267 3330 1395 3365 nouaru-

288 3395 348 3458 hoc,
359 3394 471 3456 iurtnua,
487 3396 583 3460 iuteri;
602 3400 661 3449 Non
679 3398 754 3450 timet
765 3400 821 3450 bos·
861 3394 996 3456 beacebat,
1006 3408 1058 3443 non
1067 3394 1238 3445 miserebatur
1248 3410 1256 3454 ;
1272 3394 1368 3457 sapius
1380 3407 1396 3442 a

290 3472 349 3523 tiles
362 3474 418 3537 jam
435 3474 501 3537 lapis
521 3476 570 3525 iste
589 3476 679 3526 urinas.
714 3476 821 3527 Grande
865 3472 1015 3522 Domitiano
1024 3487 1074 3522 non
1086 3488 1161 3521 secus
1178 3486 1209 3521 ae
1226 3471 1287 3535 tels,
1298 3478 1396 3536 qnaeet

284 3550 375 3617 jugum
388 3550 485 3602 domita
497 3554 585 3601 Dacus
597 3554 699 3603 cervice
710 3556 823 3619 recepte,
862 3548 918 3612 ipsa
934 3564 1006 3599 eccs
1022 3556 1049 3598 et
1067 3546 1213 3613 improvida
1226 3544 1355 3608 fanantur,
1367 3548 1395 3595 in

290 3628 325 3677 Et
346 3624 468 3679 famulum
486 3628 577 3681 victrix
595 3629 714 3694 possidet
732 3632 823 3682 umbra
862 3628 989 3691 optimum
1010 3640 1138 3692 quemque
1160 3622 1397 3691 contorquebatur}

290 3704 397 3753 neruosi
862 3707 912 3754 tire.

322 3784 370 3830 112
388 3780 488 3843 Furens]
506 3781 641 3831 Cornelius
655 3782 741 3831 Fuscus
751 3784 823 3833 Pras·
896 3782 943 3828 lli
954 3774 1397 3840 Qutnmqmmanytamtnmre

288 3856 357 3906 torio
379 3856 529 3922 praefectus,
547 3858 588 3907 cui
611 3858 675 3907 licet
695 3860 822 3909 inexerci-
859 3854 954 3920 paeda]
972 3856 1058 3904 Senex
1074 3848 1104 3903 et
1112 3868 1196 3903 caecus
1208 3856 1308 3918 puellas
1317 3854 1396 3917 depe-

290 3938 345 3984 tato
364 3934 504 3983 secundam
525 3932 550 3981 iu
570 3933 658 3983 Dacos
680 3935 823 3997 expeditio·
863 3932 932 3982 ribai
943 3946 1071 3995 nunquam
1084 3930 1158 3993 visas,
1168 3931 1316 3981 reluctante
1333 3930 1395 3979 sda-

289 4022 347 4058 nem
360 4010 487 4059 commisit
503 4009 667 4059 Domitianus
678 4008 823 4061 infelicibus
863 4008 916 4073 gio,
928 4008 1005 4057 tarci
1015 4005 1188 4071 δρᾷνγίγιπω
1198 4007 1227 4056 rb
1235 4008 1296 4071 ἱρῷ.

290 4084 411 4147 auspiciis
426 4092 454 4135 et
470 4086 537 4135 maio
554 4100 610 4133 sua.
637 4084 822 4139 VideSuston.
896 4092 944 4137 llo
958 4087 1176 4152 apostemata]
1197 4082 1395 4149 Quisnagisde-

291 4158 462 4213 Domit.c.ti.
488 4162 566 4212 Corn.
584 4160 672 4211 Tacit.
684 4160 784 4214 illator.
796 4166 821 4213 ἵ.
862 4164 956 4215 buerat
967 4178 1022 4213 esse
1034 4164 1112 4213 miser
1129 4170 1156 4213 et
1172 4162 1304 4213 inaudiens
1320 4161 1395 4226 ponti

292 4242 320 4286 et
331 4240 355 4285 t.
373 4238 482 4303 Eutrop.
493 4240 510 4287 1.
523 4250 574 4289 vir.
587 4238 612 4286 in
624 4236 686 4287 tine.
862 4242 934 4292 velut
944 4240 1049 4291 satelles
1061 4240 1268 4306 utrumquem
1281 4237 1355 4291 Aula
1367 4246 1395 4287 et

323 4312 460 4364 dimas
487 4316 614 4365 meditatas
644 4314 728 4380 prolia
755 4314 825 4380 sitis]
863 4316 1032 4382 Imperatoris
1043 4315 1150 4367 assecla.
