3184 4917
601 442 856 494 ιιοιιιιιιοιιιιιι.
1260 426 1305 493 oo

199 588 261 655 sed
275 587 412 653 comicis
421 588 556 670 scriptus
570 586 690 670 podiis,
702 586 798 672 (nam
809 606 886 670 quie
895 586 947 653 his
955 588 1142 654 tribuuntur
1151 587 1303 655 nomam

200 691 436 775 satyricnnon
456 690 583 771 tragica
605 688 707 755 titisse
729 690 788 753 sed
816 690 960 766 comica,
982 691 1101 755 velex
1122 710 1163 756 eo
1176 691 1304 758 ‘iutelli-

200 792 297 875 gitur,
311 790 403 875 quod
415 790 553 874 quilibet
564 789 666 873 po'e'te
677 788 876 855 Graecorum
889 810 955 857 non
971 791 1035 856 nisi
1047 812 1149 856 unum
1161 792 1303 876 poiisws
1341 851 1350 879 κ

199 896 454 975 genusnuctnre
475 896 509 956 et
519 890 673 955 excolere
695 888 853 975 solebat)
863 912 952 976 quae,
971 893 1039 958 illis
1056 894 1129 978 jam
1149 893 1302 959 dellores·

199 988 362 1069 centibus,
375 992 433 1057 diu
456 990 566 1057 adhuc
587 992 732 1074 viguere,
755 994 815 1057 sed
836 1015 912 1059 rero
924 1000 958 1059 et
978 994 1204 1079 inscriptionis
1229 1000 1303 1059 tau·

198 1094 357 1170 tamnen
370 1094 551 1176 argumenti
566 1095 691 1158 ratione
702 1094 819 1159 habitu
829 1102 1061 1174 memorantur,
1070 1102 1106 1162 et
1119 1097 1174 1160 rel
1187 1096 1301 1179 simpl.

197 1196 386 1258 nominibus
409 1195 604 1279 Satyrorum
633 1196 825 1279 insigniter
858 1197 912 1262 vel
944 1198 1046 1263 variis
1071 1196 1176 1261 titolis
1196 1195 1303 1278 desig-

196 1294 313 1374 uttiae,8
336 1297 390 1361 vol
408 1298 573 1362 communi
587 1298 823 1363 comoediarum
846 1318 961 1381 genere
982 1296 1233 1381 comprehense
1253 1298 1303 1365 vi·

198 1398 331 1461 dentur:
355 1398 441 1462 unde
454 1398 684 1464 difficillimum
695 1400 800 1479 dictu,
816 1419 894 1485 quae
906 1419 986 1465 vera
997 1402 1139 1465 comicae
1161 1397 1302 1463 Graeco·

194 1518 268 1562 rum
276 1497 447 1583 Satyrices
458 1499 557 1565 fuerit
569 1498 710 1578 indoles,
722 1506 755 1564 et
768 1500 965 1585 quibusnam
977 1502 1012 1564 iu
1024 1502 1121 1566 rebus
1137 1502 1299 1583 ntrngictt

198 1599 466 1682 discrepaverit.⁹

718 1732 824 1785 NOTAE

228 1860 299 1911 tSle
314 1860 454 1913 Athenaeus
470 1863 558 1915 laudat
569 1862 729 1915 Anaxandri-
769 1861 839 1912 disee
848 1861 971 1913 videntur
982 1862 1121 1914 Οοιιιιιάἰι
1135 1863 1257 1927 indolem,
1272 1871 1302 1915 ot

196 1934 257 1985 dam
274 1936 300 1984 tr
317 1936 421 2001 ιιπόρφ,
444 1939 588 2001 Cratinum,
610 1940 728 2001 Elephan·
768 1953 828 1989 oum
838 1940 883 1989 alii
894 1939 1066 1989 maledicendi
1078 1939 1208 1989 licentiam
1220 1954 1253 1989 ex
1269 1954 1302 1990 ea

196 2010 728 2079 tidem,etl‘hr7niehnnrirtueiporr,(quae
768 2017 960 2079 assumimur,
990 2017 1035 2067 alil
1062 2017 1089 2066 lu
1116 2016 1300 2081 tragediarum

197 2100 247 2135 rou
271 2087 337 2150 plur.
351 2102 422 2142 nom.
443 2104 512 2153 turpe
531 2106 609 2140 unum
628 2098 728 2140 tuntum
768 2100 857 2143 esseut
872 2108 993 2159 perversa
1010 2100 1039 2143 et
1055 2093 1089 2142 ad
1103 2093 1183 2143 ήιιιιιι
1198 2107 1302 2157 cumpo-

194 2160 306 2213 labulam
316 2163 455 2229 signifieat,
465 2180 515 2230 qno
528 2180 569 2216 res
581 2167 661 2229 magis
673 2174 726 2215 tur·
769 2171 821 2219 sita
839 2170 983 2221 imitatione
997 2169 1130 2233 occupati,
1143 2168 1301 2233 prosemina-

196 2237 426 2305 batnr‚)'limoelia
436 2242 546 2307 'tropum
565 2241 683 2307 hripum
699 2248 727 2293 et
768 2250 858 2295 rentur
872 2245 930 2295 dua
947 2246 1021 2295 velut
1029 2242 1143 2305 familiae,
1155 2243 1244 2294 multia
1260 2257 1301 2294 or-

194 2314 385 2381 amno-vs.
767 2320 860 2370 nanda
869 2318 964 2370 fabola
972 2319 1110 2384 generibus
1118 2319 1204 2380 socie,
1214 2318 1240 2367 in
1249 2319 1300 2369 ltoc

227 2394 245 2441 8
263 2392 503 2444 cummuniter>
521 2394 603 2447 reteri
614 2397 727 2456 Κυμφδι·
768 2396 874 2461 quidem
884 2404 958 2447 eerte
978 2396 1138 2461 aliquantum
1154 2395 1300 2460 diajaaeiu,

194 2466 327 2529 τρηνδίυ
337 2468 641 2537 ΑΙοιιΙ,ἹΛιιριτραγφδίιιι
652 2474 728 2522 Ririn·
767 2472 839 2536 quod
850 2472 1051 2525 delectationem
1067 2477 1243 2535 spectatorum
1257 2487 1302 2536 ap·

194 2542 273 2602 tonis,
288 2544 573 2606 etl'ragiroeonroedium
589 2548 614 2597 in
637 2548 726 2598 Plauti
767 2546 1000 2613 probationemque
1031 2548 1127 2596 mm
1164 2549 1301 2609 amitti

196 2619 268 2668 l'rol.
283 2619 414 2684 Amphitr,
435 2628 503 2674 nso
517 2640 556 2689 tq.
576 2626 619 2675 ubi
640 2626 725 2689 politur
766 2625 909 2674 wiotum
930 2630 1085 2687 quererent.
1129 2624 1233 2673 Etenim
1256 2624 1301 2689 qul

195 2696 277 2745 menti
295 2695 509 2760 Amphitruonem
530 2702 664 2752 Rhintonis
681 2702 726 2752 ob·
766 2698 791 2749 in
804 2699 953 2750 domesticis
969 2700 1128 2763 argumentis
1139 2699 1300 2760 habitarunt,

194 2780 324 2822 versatum
336 2789 392 2823 esse
403 2777 556 2839 auspicatur.
768 2775 862 2838 priacre
877 2774 1018 2824 comedin
1034 2789 1063 2824 oa
1082 2774 1300 2838 dicacitatemque

228 2846 409 2899 efficiemur
419 2851 437 2899 ι,
457 2850 474 2901 1,
487 2868 513 2916 p,
523 2856 608 2903 4035,
624 2854 727 2918 conjee.
767 2848 891 2907 aemulati,
904 2848 1021 2897 dicteriis
1036 2849 1063 2897 iu
1085 2849 1223 2911 populares
1241 2862 1302 2897 con·

196 2924 271 2987 toris,
288 2940 339 2975 non
360 2928 440 2991 certia
459 2930 575 2993 quidem,
586 2938 614 2981 at
636 2932 728 2993 proba.
761 2924 884 2987 jicieudia
913 2924 993 2973 risum
1016 2924 1133 2973 excitare
1155 2926 1301 2976 voluerunt.

196 2998 301 3063 bilibus,
326 3002 418 3052 saltem
450 3004 597 3067 ingeniosis,
623 3004 727 3067 duetus,
767 3002 866 3050 Contra
882 3000 927 3064 qui
949 2999 981 3049 ad
1001 3000 1143 3064 mythicum
1160 3016 1189 3050 ae
1210 3001 1300 3053 orbem

194 3074 252 3125 hee
262 3076 475 3143 interutrumque
487 3080 608 3143 satyricae
621 3080 727 3144 poiseus
767 3080 942 3142 contulerant,
953 3094 1004 3129 noo
1015 3086 1067 3129 tam
1084 3081 1111 3130 id
1131 3084 1208 3133 nniee
1218 3090 1246 3133 et
1262 3085 1301 3134 iu·

194 3166 276 3215 genus
296 3154 445 3205 discrimina
466 3156 641 3207 interseruisse
660 3157 726 3207 arbi·
768 3157 857 3220 primis
883 3158 969 3207 animo
1002 3158 1124 3209 videntur
1149 3161 1320 3226 intendisse,-

195 3236 289 3279 tratur.
324 3232 568 3297 l.'l‘ragicipodtre,
584 3235 621 3283 uti
634 3240 726 3299 tregoe·
767 3231 972 3295 quodperfieere
987 3232 1092 3296 'l'raglei
1109 3234 1260 3299 alodetum,
1269 3244 1301 3286 nt

196 3306 350 3369 diarnm,ita
369 3310 538 3373 satyricorum
554 3324 656 3375 quoque
670 3310 727 3361 dru-
767 3308 995 3373 actionisquadarn
1007 3316 1036 3359 et
1051 3310 1174 3361 orationis
1190 3311 1300 3362 ridicule

195 3389 302 3443 maotm,
327 3386 493 3434 materieme
518 3386 593 3447 cyclo
615 3384 727 3447 mytltieo
767 3384 952 3434 commistione
966 3390 1142 3449 spectatorum
1157 3387 1301 3438 hilarerent

196 3456 304 3519 petiere,
315 3457 360 3521 qni
379 3458 517 3521 plurimum
537 3460 567 3507 iis
585 3460 728 3523 pr'astabat
767 3458 875 3518 animos,
902 3466 929 3508 et
957 3460 1107 3523 Satyrorum
1126 3462 1300 3524 protervitate

195 3538 224 3581 et
232 3534 423 3583 commoditatis
432 3533 465 3582 ad
481 3532 595 3599 fingendi
609 3536 728 3597 probabl-
766 3534 940 3595 delectarent,
952 3550 1029 3598 quam
1044 3536 1102 3592 boc,
1113 3544 1143 3585 ut
1160 3537 1300 3600 tragedias
1349 3554 1359 3561 ·

194 3609 340 3671 litatem,et
350 3610 485 3660 varietatis
502 3611 535 3660 uti
551 3619 726 3677 spectatorum
767 3610 896 3671 turpicula
906 3610 1052 3658 imitatione
1063 3609 1249 3675 deformarent,
1257 3628 1301 3662 ea·

194 3684 404 3735 delectationem.
424 3688 489 3738 Que
501 3695 652 3750 urgumeuta
663 3690 726 3741 lieet
766 3699 823 3735 rum
841 3692 875 3735 et‘
889 3692 1053 3748 argumenta,
1068 3686 1181 3748 juvante
1199 3690 1300 3752 mytho-

193 3760 288 3811 comici
307 3760 393 3823 politae
410 3776 461 3810 nou
479 3776 583 3825 prorsus
606 3778 726 3827 asperne-
766 3774 823 3810 rum
842 3761 980 3822 venerate,
1003 3760 1036 3809 ⁸⁶
1056 3761 1142 3810 lidum
1164 3770 1194 3813 0²
1208 3765 1298 3827 3οΜ

194 3842 303 3896 ιειιιιιις
317 3836 393 3885 multi
405 3844 515 3885 tameue
533 3837 585 3886 vitu
596 3838 726 3888 communi
766 3840 960 3895 converterent,
971 3840 1000 3883 et
1011 3848 1135 3896 personas
1144 3841 1238 3902 populo
1254 3840 1299 3891 de·

192 3911 341 3961 maluerunt
361 3910 561 3975 quotidianaque
592 3918 727 3963 eonsuetu-
767 3910 887 3960 ridendae
899 3917 1083 3974 proponerent.
1098 3912 1299 3967 Quamvisenim

193 3987 254 4037 uiue
264 4002 298 4036 ea
314 3994 451 4050 repetere:
470 3986 496 4036 in
514 4002 565 4052 quo
582 3990 672 4054 ntique
690 3988 727 4039 tli-
767 3986 861 4047 media,
871 4000 948 4051 quum
964 3990 1067 4047 rotant,
1086 3988 1216 4040 Comoedia
1232 3990 1298 4043 hune

193 4077 295 4115 versum
311 4062 671 4128 tuntaTragieisconsilium
686 4082 726 4116 re·
765 4060 815 4111 tibi
844 4058 1002 4125 provinciam
1025 4068 1146 4125 [monam
1170 4068 1299 4130 propriam

193 4139 256 4190 cuti,
291 4138 600 4191 Ninairumacomoediis
613 4142 726 4193 scribon.
767 4135 962 4187 vindicttvltaelt
975 4138 1298 4208 tffllcalmetlssttiyrlee

173 4215 233 4286 ¹diu
254 4214 376 4281 qnoniam
387 4215 420 4264 ad
442 4214 544 4266 fabulas
560 4226 725 4269 accesserant
764 4225 822 4263 eam
840 4220 871 4263 et
887 4212 1005 4265 erebrius
1019 4214 1123 4277 inratit,
1141 4222 1170 4266 et
1186 4218 1299 4271 obtinuit

191 4292 328 4355 satyriem,
348 4291 381 4342 ad
405 4292 450 4342 lraa
469 4292 507 4343 ita
525 4294 597 4357 quati
616 4292 725 4343 transfu-
765 4288 1010 4343 utrum-eorum
1031 4289 1164 4355 murice,
1185 4294 1256 4357 qnod
1282 4308 1299 4347 e
