3184 4917
292 354 341 424 ἦ
372 412 374 419 .
580 374 630 423 nn
652 372 734 423 sun.
758 372 917 434 noornrr,
940 372 1113 433 norrun,

295 520 347 605 gis
360 518 609 596 labefactarunt,
624 524 658 583 et
675 518 795 582 mirum
806 516 852 579 in
873 514 1008 579 modum
1031 512 1395 595 conemserepriun

296 620 519 699 Gracchanae,
536 620 726 696 Drusianae,
741 616 953 701 Apuleiana,
968 614 1112 697 aliaque
1132 613 1313 697 aditiones
1335 615 1396 678 tris

297 721 446 799 basiliae,
461 740 542 785 mox
556 720 645 785 bella
658 720 783 797 civilia,
804 717 1075 801 proscriptiones,
1089 715 1263 780 dictaturae
1276 734 1397 798 perpe·

296 828 375 900 rso,
389 828 423 887 et
437 822 672 887 triumviratus.
718 820 833 885 Mores
852 820 1067 895 enim-antea
1083 816 1396 902 seusimpaulatim·

297 943 361 1008 qua
375 924 477 1007 lapsi,
494 928 664 1007 coeperunt
686 922 877 1005 praecipites
898 921 957 996 ire,
981 924 1015 983 et
1039 916 1242 981 abundantes
1266 917 1393 983 divitiae

296 1030 396 1109 atquc
421 1025 609 1108 voluptates
635 1028 844 1107 pepererunt.
860 1021 1071 1097 desiderium,
1097 1019 1397 1102 perambitianem

297 1130 397 1209 atque
418 1120 605 1209 potentiam
612 1123 754 1189 audendi
768 1122 991 1206 perdendique
1005 1120 1134 1198 omnia3
1160 1118 1267 1184 donec
1287 1118 1332 1183 ud
1348 1138 1397 1185 aa

296 1230 491 1309 perventum
504 1231 556 1289 est
568 1218 727 1309 tempora,
743 1224 863 1306 quibus
888 1220 1010 1304 perditi
1033 1226 1133 1303 atque
1154 1219 1323 1302 profligati
1336 1219 1400 1284 bo·.

296 1328 401 1393 mines
414 1345 480 1391 non
496 1326 713 1409 ampliusvel
733 1325 816 1388 vitia
841 1342 913 1400 sua,
939 1323 993 1415 vel
1013 1321 1172 1398 remedia,
1187 1339 1264 1404 quae
1278 1321 1395 1397 morbo

296 1425 431 1509 quidem
445 1426 693 1503 adhibebantur,
710 1425 768 1489 sod
782 1423 924 1489 salutem
937 1424 1218 1505 minuebant,.pati
1232 1428 1395 1505 poterant,

295 1531 354 1595 aut
366 1525 449 1590 ferre
463 1527 658 1604 libertatem,
673 1545 762 1609 quae,
789 1545 867 1590 oum
880 1544 902 1589 a
915 1524 1112 1589 Caesariano
1125 1524 1202 1587 iude
1216 1524 1395 1606 Pompeia·

296 1644 406 1710 noque
429 1628 517 1695 bello
540 1628 584 1691 ad
608 1646 754 1711 pugnam
769 1625 947 1692 Actiacam
972 1627 1036 1690 vel.
1050 1626 1228 1709 septimum
1250 1624 1396 1708 Augusti

293 1728 504 1795 consulamur
524 1731 617 1793 velut
626 1731 766 1795 monens
781 1729 943 1793 reluctata
956 1732 1045 1791 esset
1059 1726 1253 1803 dominatui,
1262 1726 1395 1793 mam
1424 1789 1428 1795 ,

296 1828 328 1892 ei
350 1830 466 1894 cedere
489 1836 605 1895 coacta
629 1834 690 1896 est.
740 1828 887 1893 Romam
908 1828 1012 1904 cives,
1036 1826 1095 1909 qui
1121 1827 1212 1903 olim,
1237 1824 1395 1910 quamdin

295 1928 402 1993 adbuc
417 1932 630 2014 parsimoniae
644 1931 903 2013 paupertatique
915 1927 1020 1993 bonos
1029 1932 1172 2004 steterat,
1178 1927 1395 2011 disciplinam

296 2048 459 2109 severam,
472 2032 604 2117 inopem
629 2032 810 2114 duramque
832 2032 962 2108 vitam,
969 2030 1134 2113 justitiam
1158 2031 1308 2113 aliasque
1327 2031 1395 2096 vir·

295 2134 382 2197 tntes
397 2133 576 2212 coluerant,
591 2134 668 2198 inde
683 2153 705 2198 a
724 2133 862 2199 Sullana
875 2136 975 2197 aetate
988 2150 1089 2215 opum
1104 2136 1138 2195 et
1144 2131 1395 2211 ,coaoewanrlass

295 2250 367 2297 rum
381 2238 414 2297 et
427 2234 727 2317 profundendarum
747 2234 938 2319 inexplebili
961 2239 1060 2317 atque
1082 2234 1201 2296 insana
1214 2230 1394 2315 cupiditate

296 2331 474 2415 ardebant;
504 2335 720 2418 mulieresque
740 2355 809 2399 nou
830 2337 938 2399 minus
960 2337 1096 2419 turpiter
1117 2336 1274 2399 vivebant
1291 2340 1398 2417 quant⁴

295 2430 371 2495 riri.
416 2431 563 2497 Censura
576 2454 639 2498 nou
653 2437 737 2500 satis
755 2456 874 2501 severa
889 2443 962 2501 erat
972 2436 1174 2514 autefficax,
1183 2441 1218 2500 et
1230 2435 1392 2519 institutio

293 2531 468 2604 ubemmm
481 2553 646 2617 perversa,
660 2536 848 2602 hominibus
870 2557 963 2621 saepe
985 2538 1157 2603 vilissimis
1176 2534 1394 2619 turpissimis·

295 2652 361 2717 que
375 2634 499 2699 tradita
520 2640 554 2717 et
578 2656 600 2699 a
622 2637 814 2720 parentibus
837 2640 892 2704 vel
913 2640 1012 2722 plane
1033 2638 1257 2721 neglecta-vel
1278 2636 1394 2720 pavia

294 2732 449 2799 vitiorum
461 2736 627 2821 exemplis
639 2744 804 2823 counpta.
857 2738 979 2804 Cicero
991 2760 1056 2804 non
1071 2757 1138 2803 uno
1150 2739 1227 2803 looo
1240 2736 1394 2821 deplorat

294 2854 468 2915 summam,
494 2838 529 2900 in
557 2858 657 2923 quam
687 2841 907 2922 primaevas
929 2861 998 2919 sua¹
1016 2841 1200 2918 incidisset,
1221 2840 1392 2923 perturba·

293 2935 416 3004 tiouem
429 2936 616 3022 disciplinae
630 2943 764 3020 veteris,
785 2947 852 3007 tam
874 2944 1021 3027 publicae
1035 2962 1136 3026 quem
1149 2942 1301 3025 privata,
1316 2958 1392 3005 cum

294 3052 364 3118 qua
383 3038 638 3121 rempublicam
652 3043 899 3126 potentiamque
913 3042 1137 3108 Romanorum
1161 3048 1196 3105 et
1215 3042 1346 3105 stetisse
1358 3042 1392 3105 et

294 3134 455 3199 cecidisse
469 3139 704 3219 sapientissimi
718 3142 781 3205 viri
791 3141 994 3223 judicarunt,
1005 3147 1038 3204 et
1050 3142 1085 3202 in
1098 3139 1194 3203 Oret.
1208 3159 1270 3223 pro
1280 3140 1391 3208 coelio

294 3252 324 3299 c.
341 3234 393 3299 17.
410 3236 642 3301 continentiam
655 3236 738 3302 dicit
752 3239 903 3322 almaque
913 3239 1138 3317 Camillomm,
1149 3238 1391 3319 Fabriciorum,

294 3330 535 3421 Ouriornmque
546 3338 684 3402 virtutes
696 3358 762 3403 non
776 3339 886 3403 solum
898 3358 964 3404 non
976 3340 1010 3403 in
1023 3341 1172 3405 moribus
1191 3338 1289 3423 hujus
1301 3341 1391 3419 ‚tert

294 3433 354 3498 sed
369 3436 428 3501 vix
448 3436 519 3521 jam
541 3438 576 3500 in
599 3436 694 3507 libris
708 3440 864 3523 reperiri3
896 3441 1029 3506 chartas
1043 3459 1190 3524 quoque,
1207 3458 1283 3525 quae
1297 3441 1390 3507 illam

293 3534 467 3617 pristinam
492 3538 700 3603 severitatem
728 3539 956 3617 continuerint,
994 3541 1212 3614 obsolevisse.
1266 3540 1390 3611 Exemv.

291 3637 386 3720 plum
399 3637 515 3703 deinde
530 3636 685 3721 Augusti,
700 3642 862 3724 principis
873 3640 1039 3725 magnifici
1051 3647 1086 3707 et
1095 3643 1270 3721 luxuriosi,
1281 3644 1389 3711 mui-

292 3756 345 3805 me
361 3757 439 3805 vero
456 3736 665 3819 Maecenatis,
688 3742 833 3807 bominis
854 3742 926 3808 otia
948 3763 989 3808 ac
1010 3744 1159 3809 mollitiis
1180 3766 1280 3829 paene
1300 3747 1389 3813 ultra

292 3837 463 3905 ioemiuam
476 3840 619 3919 fluentis,
645 3841 779 3917 (Vellei.
795 3860 837 3908 rr.
852 3842 907 3909 88.
950 3843 1105 3911 Juvenal.
1121 3863 1146 3910 r.
1161 3847 1216 3911 66.
1233 3862 1305 3913 111.
1318 3848 1389 3923 att)

292 3958 373 4025 opes
387 3939 569 4020 immense,
584 3961 634 4007 ex.
642 3944 822 4026 provinciis
841 3944 986 4010 Romam
1004 3946 1215 4023 eminentes,
1229 3948 1388 4015 secusitas

292 4056 335 4105 ac
348 4040 443 4122 quies
456 4040 679 4125 imperitiam
692 4042 827 4109 diutinis
850 4046 1008 4127 procellis
1030 4066 1071 4110 uc
1093 4048 1286 4113 turbulentis
1304 4052 1387 4113 tam·

291 4140 474 4221 poetatibm
490 4142 613 4229 varab,
624 4143 764 4225 exiguas
777 4142 1010 4230 simplicitatis,
1024 4146 1260 4227 magnibrdinis
1274 4148 1387 4237 aniani,

294 4236 496 4327 aliarumque
510 4242 663 4307 viantum
676 4260 868 4328 morumque
882 4252 1030 4313 veterum
1042 4246 1206 4330 reliquias.
1214 4246 1388 4331 ermingus·¹
