3184 4917
280 402 322 469 18
467 458 470 466 .
724 419 934 467 sacrario:

278 562 418 641 Herelli,
433 561 618 640 Schraderi,
632 567 665 627 et
683 561 845 629 Witbofii
890 562 1013 627 Nullus
1030 567 1141 627 autom
1154 564 1281 641 dubito,
1294 550 1376 651 quin

275 686 341 731 non
354 667 454 731 modo
473 666 586 729 herum
610 684 764 733 numerus
779 671 811 729 et
825 666 926 750 copia
946 664 1126 730 admodum
1149 668 1261 749 angeri
1275 674 1376 751 queat

276 768 320 831 ab
333 768 388 845 iis,
404 770 523 851 quibus
537 766 652 849 major,
677 786 776 851 quam
797 769 888 845 mibi,
916 768 1068 851 supellex
1083 769 1127 832 sit
1139 769 1286 845 libraria,
1312 769 1375 833 sod

275 869 385 946 etiam,
400 869 518 951 siquis
533 869 658 933 criticae
682 869 762 931 artis
785 870 923 951 peritus,
943 875 975 934 et
999 874 1069 933 tarn
1095 869 1257 934 subsidiis
1281 870 1375 952 large

274 972 463 1047 instructus,
478 987 579 1052 quam
592 970 721 1051 ingenio
734 970 871 1053 po'e'tioo
891 969 1097 1054 judicioque,
1112 972 1249 1037 assidm
1268 970 1375 1037 Juve-

273 1072 358 1139 nalis
371 1070 613 1156 poetarumque
628 1070 835 1135 satiricorum
847 1072 989 1135 lectione
1012 1069 1154 1137 sorrentu
1178 1076 1277 1155 etque
1296 1075 1374 1137 snb·

272 1180 361 1253 acto,
377 1180 523 1251 ornatus,
543 1172 672 1237 Satires
696 1172 758 1235 hee
771 1174 870 1237 noris
884 1174 973 1237 curis
993 1172 1206 1254 castigandas
1229 1174 1373 1258 suseipi-

272 1282 320 1354 at,
332 1296 449 1360 neque,
473 1280 509 1338 ut
522 1292 594 1357 ego,
608 1287 728 1356 operas
743 1279 869 1355 tantum
886 1273 1081 1337 subsecivas
1095 1277 1128 1337 et
1142 1276 1373 1339 tumultuarias

271 1377 350 1441 buic
360 1378 492 1459 negotio
506 1374 696 1459 impendere
712 1380 861 1456 cogatur,
875 1375 935 1439 sed
955 1380 1114 1458 quantum
1129 1376 1212 1439 satis
1235 1384 1287 1441 est
1310 1377 1374 1441 otii

270 1480 402 1556 habent,
416 1479 510 1559 larga
533 1472 640 1549 adhuc
663 1475 773 1539 laudis
788 1476 1032 1561 ,comparandae
1056 1477 1177 1541 messis
1196 1478 1228 1541 ei
1249 1496 1373 1561 propo-

272 1580 337 1644 sita
355 1580 410 1643 sit.
629 1578 630 1583 ’
807 1636 811 1642 ,

315 1678 400 1745 Cum
418 1682 453 1744 in
477 1700 517 1745 eo
543 1679 610 1744 sere
632 1681 857 1764 acquieverint
889 1681 1085 1764 interpretes
1113 1680 1300 1755 Juvennis,
1333 1683 1372 1745 nt

268 1786 368 1845 notas
408 1780 534 1864 passim
564 1786 782 1864 aspergerent,
822 1800 900 1862 quae
937 1782 1126 1863 saepissime
1154 1782 1189 1843 in
1216 1780 1259 1843 iis
1284 1779 1370 1860 ipsis

267 1884 362 1959 locis,
388 1883 444 1965 qui
467 1880 666 1945 desiderium
688 1882 785 1945 nobis
809 1880 907 1959 alieni
933 1880 1060 1945 faciunt
1087 1879 1217 1956 auxilii,
1241 1898 1303 1943 nos
1328 1898 1370 1943 eo

269 1984 490 2049 destituuntet
504 2002 596 2064 spem
611 1983 743 2065 penitus
764 1981 891 2057 fallunt,
915 1982 950 2045 in
975 1982 1051 2045 aliis
1074 2000 1166 2059 vero,
1190 1981 1224 2043 in
1247 1980 1370 2065 quibus

267 2100 363 2149 nemo
378 2101 491 2151 earum
505 2102 604 2166 opem
618 2083 790 2162 desideret,
815 2084 859 2147 ad
879 2084 1051 2148 fastidium
1076 2084 1225 2167 copiosae
1247 2086 1370 2147 suntet

268 2186 394 2253 doctae:
416 2186 468 2251 his
493 2186 614 2251 tinibus
640 2187 913 2269 qualemcumque
938 2204 1073 2269 operam
1096 2203 1205 2249 meam
1229 2186 1368 2249 circum·

268 2290 371 2353 scribi
396 2288 483 2351 baud
505 2306 636 2369 passus,
668 2286 728 2349 scd
758 2288 928 2367 perpetuis
953 2286 1089 2368 potitam
1124 2285 1367 2351 commentariis

265 2390 426 2455 illustrare
454 2394 590 2451 conatus
617 2404 702 2451 sum.
748 2385 938 2469 Unicuique
968 2387 1089 2453 Satiree
1112 2388 1195 2452 satis
1219 2386 1367 2470 amplum

173 2534 176 2541 ·
266 2491 415 2573 praemisi
429 2489 677 2571 Argmnentum,
697 2492 760 2564 ut,.
770 2507 847 2571 quae
862 2505 993 2553 summe
1006 2491 1077 2573 ejus
1092 2494 1153 2566 est,
1168 2489 1226 2572 qui
1239 2493 1366 2553 senten·

264 2592 383 2657 tiarum
398 2590 478 2655 ordo
493 2596 525 2654 et
546 2608 664 2664 nexae,
680 2587 854 2652 confestim
868 2590 903 2652 in
917 2590 1034 2653 oculos
1051 2591 1240 2664 incmreret,
1260 2606 1367 2672 neque
1410 2576 1418 2588 ’

266 2710 353 2775 opus
366 2692 536 2765 haberem,
556 2689 686 2771 quotics
711 2688 885 2754 Juvenalis
903 2684 949 2754 'ad
971 2691 1038 2757 alia
1050 2690 1308 2773 progrederetur,
1329 2689 1367 2756 in

263 2794 351 2861 notis
371 2792 406 2857 id
431 2791 587 2853 indicare.
633 2787 672 2853 Iu
697 2787 939 2858 Commentario
968 2790 1033 2855 boc
1063 2793 1273 2873 potissimum
1298 2790 1365 2871 egi,

263 2900 309 2972 nt,
325 2910 545 2976 quaecumque
564 2890 708 2961 nondum
724 2892 767 2954 ab
782 2893 858 2962 aliis
880 2901 936 2960 aut
949 2904 1047 2971 recte,
1062 2900 1120 2962 aut
1132 2894 1216 2957 satis
1238 2890 1364 2975 perspi·

265 3014 327 3059 cue
341 2996 495 3077 exposita
512 3000 634 3070 essent,
658 3013 719 3077 pro
733 2994 890 3059 facultate
904 3016 980 3063 mee
1001 2996 1190 3063 accuratius
1204 2994 1364 3061 ‚enuclea-

262 3116 342 3171 rem,
367 3114 428 3159 nec
449 3096 626 3179 quicquam
650 3096 890 3179 inexplicatum
910 3098 1138 3177 relinquerem,
1160 3097 1279 3175 inquo
1292 3094 1363 3159 bee-

261 3217 331 3261 rere
347 3204 482 3281 possent
504 3198 541 3274 ii,
556 3200 613 3281 qui
635 3198 679 3261 ad
702 3197 725 3261 J
729 3198 899 3261 uvenalem
911 3195 1363 3276 legendumadmitterentur,

261 3301 324 3365 boc
341 3310 403 3377 est,
414 3300 485 3381 jam
506 3300 710 3383 aliquantum
726 3302 760 3363 in
773 3299 837 3362 boc
851 3298 1020 3360 literarum
1042 3315 1160 3377 genere
1184 3296 1306 3365 versati
1328 3299 1363 3360 et

260 3401 422 3483 provecti,
458 3420 566 3481 nequo
602 3407 711 3463 tamen
748 3398 877 3462 eruditi.
945 3395 1055 3479 Atque
1089 3399 1125 3460 in
1160 3393 1362 3461 obscuriori-

259 3500 324 3565 bus
346 3500 430 3564 locis
459 3519 534 3563 eam
569 3500 635 3563 fere
668 3500 826 3562 rationem
854 3503 989 3561 secutus
1018 3516 1104 3574 sum,
1138 3503 1178 3560 ut
1211 3502 1245 3561 et
1273 3498 1362 3581 ipse,

260 3602 426 3686 quomodo
456 3600 563 3665 nodus
590 3597 740 3681 expediri
762 3597 880 3679 possit,
914 3596 1132 3675 ostenderem,
1162 3605 1197 3662 et
1217 3599 1361 3667 aliorum

259 3704 357 3771 simul
385 3702 624 3784 explicationes
653 3718 749 3781 paene
792 3716 905 3763 omnes
940 3700 1165 3766 submitterem
1201 3701 1361 3767 lectorum

254 3806 395 3891 jndicio,
431 3807 552 3887 quibus
586 3822 667 3867 suas
694 3805 806 3871 ubivis
844 3806 1036 3880 mutentias,
1074 3811 1231 3888 tanquam
1260 3807 1358 3871 unice

259 3904 568 3986 ,veras‚0btn1dere
604 3906 698 3981 velle,
717 3924 856 3987 magnae
894 3907 1043 3988 proiecto
1070 3906 1276 3988 emergentia&
1294 3911 1357 3973 est.

258 4009 301 4073 In
329 4010 515 4073 rmiversum
547 4024 638 4084 vero,
664 4014 697 4071 et
719 4010 752 4070 in
777 4006 989 4089 momentis
1019 4008 1217 4084 Satirarum,
1254 4014 1290 4071 et
1321 4009 1357 4073 in

258 4107 512 4185 Commentario,
542 4107 576 4171 id
608 4126 744 4192 operam
782 4109 872 4187 dedi,
908 4116 947 4175 nt
981 4130 1049 4174 non
1084 4110 1184 4175 modo
1219 4108 1356 4191 po'c'tarn

258 4209 467 4294 grammatice
501 4212 729 4296 interpretarer
760 4218 795 4277 et
831 4232 876 4277 ex
914 4213 1054 4277 historia
1074 4212 1206 4276 illorum
1226 4215 1357 4296 tempo<
