3184 4917
271 412 338 492 ‘rio
566 434 614 483 nn
638 430 718 497 etr.
742 425 900 489 nuormr,
924 423 1095 485 uonsrrr,

268 584 414 650 studium
427 577 613 643 detrectatis
626 581 661 639 et
674 574 841 651 mollibus,
866 588 953 655 quos
971 567 1248 652 philosophomm
1268 567 1375 647 grevi-

269 693 323 753 tns
349 683 561 766 dignitasque
581 682 747 749 oratorum
767 692 934 757 nunquam
947 670 1150 755 pellexisset,
1166 666 1210 732 ud
1226 668 1374 733 mimum

271 808 369 855 suum
382 788 546 869 impurum
558 779 763 865 pascendum
778 777 1015 851 excitavemnt,
1028 774 1192 836 obscoena
1205 790 1249 833 err
1261 774 1375 834 nostro

270 905 370 957 sensu
384 892 417 951 et
431 881 648 968 impie-Ut
662 880 827 956 omittam,
842 877 885 940 ad
901 876 1067 960 judicium
1080 873 1123 937 de
1146 871 1249 957 po'eta
1262 872 1376 955 eliquo

269 994 409 1077 ejusque
422 987 596 1053 virtutihus
611 981 790 1058 ferendum,
805 999 924 1062 -neque
936 995 1044 1041 mores
1058 976 1143 1060 ejus,
1156 992 1262 1057 neque
1277 994 1376 1056 urgu-

268 1092 383 1171 menti,
398 1089 488 1175 quod
502 1085 704 1162 tractaverit,
716 1083 876 1148 retidnem
889 1080 1062 1164 pertinere,
1077 1097 1145 1142 non
1158 1096 1289 1160 semper
1303 1078 1375 1141 eni·

270 1204 332 1259 trio¹
340 1194 472 1259 videmr
486 1192 706 1263 obversatum,
722 1186 893 1269 pleraque,
909 1202 932 1245 a
945 1182 1067 1265 quibus
1080 1179 1199 1243 cultior
1213 1184 1299 1244 eus
1312 1179 1376 1243 ab·

269 1296 411 1372 horreat,
424 1290 559 1367 rudiori,
586 1294 645 1353 eut
667 1287 799 1351 omnino
824 1284 1002 1361 remotiori,
1024 1300 1132 1367 neque
1153 1280 1248 1345 dictu
1267 1299 1375 1363 neque

269 1395 362 1461 fectu
376 1394 488 1478 turpia
500 1391 602 1455 sitisse
614 1396 651 1470 3¹⁵
675 1405 817 1470 cumque
836 1385 947 1468 turpia
960 1384 1094 1468 proprie
1108 1388 1274 1460 vocentur,
1297 1402 1374 1467 quae

770 1568 880 1621 NOTAE

272 1704 369 1754 riorum
381 1702 460 1753 enimi
470 1702 663 1768 redurerentur,
681 1710 717 1767 et,
736 1704 805 1769 quod
842 1702 927 1767 lienis,
949 1700 1050 1751 Inferis
1066 1697 1266 1762 lhancogsllicis
1282 1696 1378 1761 politis,

270 1796 355 1846 neque
368 1780 466 1845 pictum
488 1794 571 1846 neque
589 1780 680 1831 fictum
697 1780 723 1829 lu
745 1779 806 1845 poli-
843 1777 888 1843 (ne
900 1778 963 1842 quid
974 1780 1006 1827 de
1017 1777 1163 1826 remaculis
1173 1768 1268 1824 nostris
1279 1770 1377 1837 dicum)

270 1859 356 1924 metit,
367 1860 510 1923 audiretur,
525 1860 592 1909 unde
611 1873 747 1923 puerorum
765 1873 805 1921 os,
842 1853 1008 1903 statuendum
1031 1854 1074 1915 sit,
1097 1852 1193 1916 partini
1214 1865 1277 1901 vero
1298 1848 1376 1899 etism

270 1936 348 1998 ocull,
371 1950 445 1985 sures
468 1934 608 1985 l'oedissime
636 1934 805 2000 inquinentur
843 1930 887 1994 qul
906 1926 1008 1979 fructus
1029 1944 1062 1979 ex
1079 1928 1172 1977 iisdem
1189 1926 1307 1997 legendis
1319 1940 1376 1991 per-

270 2018 406 2077 moresque
424 2026 526 2075 pessum
543 2008 804 2059 demun—Omnium
843 2008 897 2070 cipi
909 2006 1011 2071 possit!

268 2088 448 2139 historicorum
469 2095 549 2154 alque
567 2094 698 2138 oratorum
724 2086 806 2137 moni·
876 2086 906 2131 16
918 2083 980 2131 Just
988 2081 1022 2131 de
1030 2080 1145 2131 moribus
1155 2078 1269 2143 Horatii,
1278 2080 1305 2129 in
1313 2076 1377 2129 edit.

269 2171 469 2214 mentuotuctu
480 2171 559 2229 atque
571 2165 651 2215 oculis
657 2162 805 2229 juventutis
842 2159 919 2225 hujus
931 2160 1016 2224 poitae
1037 2160 1070 2208 Τ.
1093 2172 1112 2209 1.
1135 2173 1162 2223 p.
1179 2171 1238 2207 cur.
1255 2156 1318 2206 edit.
1335 2166 1376 2219 pr.

270 2240 460 2304 proscribenda
472 2246 542 2301 suut,
554 2240 576 2290 si
588 2240 708 2303 credunt,
725 2254 804 2304 quun·
842 2238 850 2266 ‘
862 2238 889 2287 Si
896 2236 1057 2303 cogitemus,'
1067 2236 1160 2301 inquit,
1170 2238 1179 2265 ‘
1186 2250 1262 2300 quem
1271 2233 1378 2283 dissolu-

270 2314 303 2364 do
315 2316 436 2365 vitiorum
457 2316 630 2379 turpitudines
646 2317 699 2364 suls
717 2314 805 2369 verbis
843 2322 872 2364 tu
886 2314 968 2365 suerit
979 2314 1130 2364 Horatiunte
1151 2311 1238 2361 aetutis
1252 2310 1379 2371 lieentiu3

269 2399 442 2455 exequuntur,
450 2392 513 2441 telin
521 2392 547 2441 iu
556 2386 655 2441 animos
664 2391 805 2441 teneriores
844 2406 920 2455 quern
933 2406 1037 2455 prorsus
1047 2391 1171 2439 honestus
1188 2396 1213 2438 et
1231 2387 1379 2438 sritiieri·

269 2467 413 2527 destillare,
432 2468 579 2533 ibidemque
592 2468 739 2529 contagium
752 2467 806 2517 ulli·
843 2464 913 2515 mine
922 2467 990 2515 liber
1001 2465 1081 2516 fuerit
1092 2480 1165 2514 sinor
1181 2464 1378 2529 peregrinarum

269 2548 341 2609 nere.
374 2542 538 2609 Ubicumque
557 2544 632 2593 dulce
650 2548 699 2605 est,
720 2544 807 2609 inquit
844 2547 871 2592 et
887 2542 1078 2602 libertinarum
1096 2556 1173 2606 quom
1190 2555 1289 2605 purum,
1305 2546 1379 2591 certe

270 2618 387 2681 Arbiter,
397 2621 434 2671 ihi
445 2628 474 2671 et
485 2621 587 2671 acidum
605 2620 730 2671 invenies.
764 2620 808 2669 ld·
843 2620 1106 2685 anlclegeurJulism
1119 2620 1379 2684 letam,ipsepuero·

270 2696 340 2747 sirco
363 2698 468 2761 provide
491 2697 552 2747 boni
581 2703 676 2747 nature
703 2712 806 2748 sensum
844 2712 900 2747 rum
913 2713 985 2747 umor
994 2698 1100 2752 sceleris
1113 2696 1248 2758 habuerit3
1265 2696 1378 2762 denique

269 2771 387 2838 fugiendi
407 2774 484 2824 nuxis
500 2774 617 2823 omnibus
635 2774 806 2824 animantibus
844 2788 921 2839 quem
937 2776 1026 2824 multae
1038 2774 1193 2824 electiones
1211 2780 1240 2823 et
1255 2770 1378 2839 loquendi

270 2848 382 2912 indidit,
408 2850 554 2900 hominibus
583 2866 684 2915 quoque
711 2851 808 2901 discer-
843 2849 1106 2914 furmaeeotempore
1122 2850 1275 2915 dignitatem
1291 2855 1318 2900 et
1332 2849 1377 2898 ho·

271 2926 350 2975 nendi
372 2926 506 2977 rationem.
540 2927 631 2977 Politis
653 2928 748 2977 nostris
769 2928 807 2977 in·
843 2934 972 2977 nectutem
988 2928 1133 2989 habuerint,
1151 2942 1215 2992 quss
1231 2930 1322 2991 postes
1332 2938 1378 2988 po-

270 3014 360 3067 spersu
371 3010 432 3051 sunt
441 3002 568 3067 quiedam,
577 3018 634 3068 quse
644 3004 729 3068 pravis
738 3020 808 3053 men·
844 3004 916 3053 litlot
933 3018 1005 3067 usus,
1027 3010 1057 3055 ut
1078 3003 1118 3069 fit,
1133 3002 1243 3068 respuit,
1262 3007 1290 3051 et
1307 3000 1377 3050 inter

271 3076 342 3126 tibus
364 3077 551 3136 smerescsnt,
577 3092 715 3142 generosos
739 3094 806 3143 prae·
843 3078 982 3128 illiberales
995 3079 1102 3128 retulit:
1121 3078 1378 3142 necstcogitemus,

270 3150 444 3201 terlubuntur.
470 3153 807 3204 Cuntlrmntusadhonests
838 3152 893 3215 jam
904 3155 1013 3201 multum
1024 3166 1057 3199 ex
1069 3150 1113 3200 illo
1125 3151 1230 3200 Horatii
1248 3151 1378 3216 vituperio

270 3228 370 3277 suimus
388 3227 495 3277 verbnm
512 3229 717 3277 lasciviusculum
729 3226 807 3278 facile
843 3227 930 3290 perire
941 3226 1090 3275 sentiemus.
1124 3227 1195 3275 Lucu
1214 3234 1242 3276 et
1262 3229 1378 3279 earmina

271 3302 519 3353 manumittit—ills
530 3318 597 3353 nunc
616 3304 653 3352 ite
669 3304 807 3353 toleranda
843 3300 959 3365 Horatii,
971 3317 1028 3366 quse
1040 3316 1086 3351 nos
1097 3301 1172 3351 hodie
1185 3300 1327 3363 offendunt,
1344 3318 1377 3355 eo

271 3382 343 3440 sunt,
362 3386 392 3427 ut
408 3379 476 3429 hune
493 3378 605 3429 eontlnio
617 3380 742 3433 malorum
755 3380 806 3430 dis·
844 3384 962 3445 tempore
977 3394 1030 3427 nun
1046 3379 1084 3428 itu
1104 3376 1286 3440 offendebsnt;
1303 3379 1379 3444 licet,

271 3452 422 3517 e'srnsmus;
440 3456 478 3506 lts
488 3456 606 3507 habende
617 3462 645 3506 et
662 3458 807 3523 tractando,
844 3454 914 3518 quod
941 3470 989 3503 nos
1011 3454 1088 3504 hodie
1104 3456 1131 3504 ln
1148 3456 1234 3506 verbis
1251 3455 1377 3509 castiores

270 3538 301 3582 nt
313 3542 414 3583 nosmet
426 3534 705 3585 innocentistutemur.
736 3532 808 3582 Prre-
843 3545 931 3580 sumus
946 3546 978 3592 pc
994 3531 1164 3593 delicatiores,
1182 3547 1233 3582 uon
1244 3538 1379 3599 sequetur,

271 3608 457 3674 clarequoque
475 3618 587 3662 nostram
607 3610 633 3659 in
651 3624 705 3659 rem
716 3610 808 3661 Milto-
845 3614 874 3656 ut
894 3609 946 3657 ideo
966 3615 994 3659 et
1015 3622 1099 3658 mores
1116 3609 1236 3661 hodierni
1255 3600 1379 3661 castiores

271 3684 486 3735 nnsinPurrdise
498 3686 592 3736 nostr.
613 3692 719 3751 llusq.
749 3688 808 3736 Eril
844 3682 906 3732 sint.
939 3682 1060 3745 Accedit,
1080 3684 1377 3749 qnudderepossumus,

270 3757 326 3809 into
347 3760 392 3810 the
414 3760 486 3810 mind
503 3760 534 3811 ol
546 3760 607 3813 God
623 3775 652 3811 ur
670 3776 728 3811 rnen
743 3762 807 3825 May
844 3760 984 3810 Horatium
1001 3761 1130 3812 huminem
1151 3762 1257 3811 hilarem
1275 3770 1304 3813 et
1322 3777 1379 3813 sua·

270 3848 346 3885 eume
369 3836 418 3885 und
442 3852 484 3901 go,
504 3852 532 3886 so
558 3836 729 3901 unnppruv'd,
756 3837 808 3886 sud
844 3839 1163 3902 vem,praesertiminllls
1180 3840 1268 3889 saeeull
1284 3839 1324 3888 sui
1340 3838 1380 3888 in·

271 3910 344 3963 l'esve
352 3912 394 3963 No
403 3920 462 3977 spot
472 3930 501 3964 or
509 3914 594 3963 blame
604 3913 709 3964 behind.
732 3913 807 3973 Gens.
844 3914 915 3976 dole,
932 3914 1062 3965 uberiore
1074 3930 1124 3965 non
1135 3916 1274 3963 immunem
1285 3912 1377 3976 foisse,

273 3986 806 4055 HeyniuslnPraefut.nd'lihrrllum,inpr.
844 3991 900 4054 ejus
917 3991 1104 4055 philosophiam
1121 4006 1220 4040 murum
1237 3993 1285 4040 hec
1301 3995 1378 4051 perte

272 4066 322 4129 5²·
333 4074 363 4117 et
374 4072 398 4117 ³.
411 4068 475 4119 edit.
487 4083 525 4133 pr.
539 4068 582 4117 ubi
595 4068 718 4129 ostendit,
732 4068 807 4132 qusle
845 4068 969 4116 laxiorem
979 4066 1069 4130 luisse,
1084 4082 1143 4117 eum
1158 4066 1250 4115 ursisse
1267 4064 1377 4115 subinde

273 4142 367 4207 purtim
378 4144 491 4209 pretium
503 4144 647 4207 hujusmodi
659 4146 752 4208 pehtis,
762 4144 808 4209 qui
843 4142 967 4192 libertina
977 4144 1119 4209 sliquuaut
1128 4143 1264 4206 peregriua
1272 4141 1376 4205 puells3

273 4222 345 4267 certe
364 4232 416 4269 non
439 4222 491 4270 sint
510 4217 660 4271 lasciviores
679 4233 710 4269 ac
728 4218 809 4268 lubri·
844 4234 930 4286 neque
941 4227 1027 4270 tumen
1039 4220 1099 4270 ideo
1110 4220 1214 4268 desinet
1223 4232 1281 4268 esse
1298 4219 1319 4267 is
1336 4219 1376 4277 sir

274 4290 357 4343 eiures
381 4294 525 4362 Gressetis,
551 4294 695 4360 Grecurtls,
724 4294 806 4346 Chtu·
842 4310 961 4361 rnsgnus,
985 4295 1075 4362 bonus,
1099 4300 1127 4345 et
1144 4294 1290 4346 honestum·
1306 4294 1375 4346 um
