<?xml version="1.0" encoding="UTF-8"?>
<!DOCTYPE html PUBLIC "-//W3C//DTD XHTML 1.0 Transitional//EN"
    "http://www.w3.org/TR/xhtml1/DTD/xhtml1-transitional.dtd">
<html xmlns="http://www.w3.org/1999/xhtml" xml:lang="en" lang="en">
 <head>
  <title>
</title>
<meta http-equiv="Content-Type" content="text/html;charset=utf-8" />
  <meta name='ocr-system' content='tesseract 3.04.00' />
  <meta name='ocr-capabilities' content='ocr_page ocr_carea ocr_par ocr_line ocrx_word'/>
</head>
<body>
  <div class='ocr_page' id='page_1' title='image "./operaomnia00juvegoog_0341.png"; bbox 0 0 3184 4917; ppageno 0'>
   <div class='ocr_carea' id='block_1_1' title="bbox 683 356 1343 426">
    <p class='ocr_par' dir='ltr' id='par_1_1' title="bbox 683 356 1343 426">
     <span class='ocr_line' id='line_1_1' title="bbox 683 356 1343 426; baseline 0.008 -5"><span class='ocrx_word' id='word_1_1' title='bbox 683 370 737 421; x_wconf 79' lang='lat' dir='ltr'><strong>su</strong></span> <span class='ocrx_word' id='word_1_2' title='bbox 758 370 848 421; x_wconf 68' lang='lat' dir='ltr'><strong>ssu.</strong></span> <span class='ocrx_word' id='word_1_3' title='bbox 861 367 896 418; x_wconf 83' lang='lat' dir='ltr'><strong>v.</strong></span> <span class='ocrx_word' id='word_1_4' title='bbox 1276 356 1343 426; x_wconf 69' lang='lat'><strong>327</strong></span> 
     </span>
    </p>
   </div>
   <div class='ocr_carea' id='block_1_2' title="bbox 235 512 1351 2239">
    <p class='ocr_par' dir='ltr' id='par_1_2' title="bbox 236 512 1350 1912">
     <span class='ocr_line' id='line_1_2' title="bbox 239 512 1342 604; baseline 0.002 -19"><span class='ocrx_word' id='word_1_5' title='bbox 239 522 399 604; x_wconf 75' lang='lat' dir='ltr'><strong>interpres</strong></span> <span class='ocrx_word' id='word_1_6' title='bbox 414 534 552 583; x_wconf 73' lang='lat' dir='ltr'><strong>eausam</strong></span> <span class='ocrx_word' id='word_1_7' title='bbox 570 512 672 594; x_wconf 82' lang='lat' dir='ltr'><strong>dicet,</strong></span> <span class='ocrx_word' id='word_1_8' title='bbox 686 534 746 581; x_wconf 84' lang='lat' dir='ltr'><strong>cur</strong></span> <span class='ocrx_word' id='word_1_9' title='bbox 759 534 858 581; x_wconf 69' lang='lat' dir='ltr'><strong>nuo</strong></span> <span class='ocrx_word' id='word_1_10' title='bbox 881 533 959 582; x_wconf 88' lang='lat' dir='ltr'><strong>cum</strong></span> <span class='ocrx_word' id='word_1_11' title='bbox 973 514 1145 584; x_wconf 82' lang='lat' dir='ltr'><strong>Bocchure</strong></span> <span class='ocrx_word' id='word_1_12' title='bbox 1158 518 1192 586; x_wconf 89' lang='lat' dir='ltr'><strong>b.</strong></span> <span class='ocrx_word' id='word_1_13' title='bbox 1204 539 1236 585; x_wconf 85' lang='lat' dir='ltr'><strong>e.</strong></span> <span class='ocrx_word' id='word_1_14' title='bbox 1257 517 1342 587; x_wconf 82' lang='lat' dir='ltr'><strong>Afro</strong></span> 
     </span>
     <span class='ocr_line' id='line_1_3' title="bbox 237 618 1343 704; baseline 0.001 -17"><span class='ocrx_word' id='word_1_15' title='bbox 237 623 320 689; x_wconf 87' lang='lat' dir='ltr'><strong>velit</strong></span> <span class='ocrx_word' id='word_1_16' title='bbox 332 620 450 699; x_wconf 78' lang='lat' dir='ltr'><strong>levari,</strong></span> <span class='ocrx_word' id='word_1_17' title='bbox 462 618 551 704; x_wconf 87' lang='lat' dir='ltr'><strong>quod</strong></span> <span class='ocrx_word' id='word_1_18' title='bbox 565 618 639 683; x_wconf 84' lang='lat' dir='ltr'><strong>scil.</strong></span> <span class='ocrx_word' id='word_1_19' title='bbox 652 618 720 697; x_wconf 87' lang='lat' dir='ltr'><strong>iile,</strong></span> <span class='ocrx_word' id='word_1_20' title='bbox 741 624 897 703; x_wconf 79' lang='lat' dir='ltr'><strong>tauquam</strong></span> <span class='ocrx_word' id='word_1_21' title='bbox 912 619 1021 685; x_wconf 74' lang='lat' dir='ltr'><strong>adhuc</strong></span> <span class='ocrx_word' id='word_1_22' title='bbox 1035 621 1126 685; x_wconf 87' lang='lat' dir='ltr'><strong>sitin</strong></span> <span class='ocrx_word' id='word_1_23' title='bbox 1139 618 1269 701; x_wconf 80' lang='lat' dir='ltr'><strong>Afiiee,</strong></span> <span class='ocrx_word' id='word_1_24' title='bbox 1282 624 1343 696; x_wconf 89' lang='lat' dir='ltr'><strong>ubi</strong></span> 
     </span>
     <span class='ocr_line' id='line_1_4' title="bbox 238 720 1342 809; baseline 0.002 -20"><span class='ocrx_word' id='word_1_25' title='bbox 238 744 260 789; x_wconf 87' lang='lat' dir='ltr'><strong>e</strong></span> <span class='ocrx_word' id='word_1_26' title='bbox 274 722 482 808; x_wconf 76' lang='lat' dir='ltr'><strong>serpentibus</strong></span> <span class='ocrx_word' id='word_1_27' title='bbox 497 720 681 787; x_wconf 80' lang='lat' dir='ltr'><strong>cavendum</strong></span> <span class='ocrx_word' id='word_1_28' title='bbox 697 721 762 786; x_wconf 88' lang='lat' dir='ltr'><strong>sibi</strong></span> <span class='ocrx_word' id='word_1_29' title='bbox 784 720 841 800; x_wconf 88' lang='lat' dir='ltr'><strong>sit,</strong></span> <span class='ocrx_word' id='word_1_30' title='bbox 868 723 942 787; x_wconf 82' lang='lat' dir='ltr'><strong>oleo</strong></span> <span class='ocrx_word' id='word_1_31' title='bbox 966 720 1173 805; x_wconf 86' lang='lat' dir='ltr'><strong>Tripoliteuo</strong></span> <span class='ocrx_word' id='word_1_32' title='bbox 1196 724 1342 809; x_wconf 75' lang='lat' dir='ltr'><strong>malique</strong></span> 
     </span>
     <span class='ocr_line' id='line_1_5' title="bbox 238 823 1341 908; baseline 0.001 -17"><span class='ocrx_word' id='word_1_33' title='bbox 238 826 349 893; x_wconf 80' lang='lat' dir='ltr'><strong>oderis</strong></span> <span class='ocrx_word' id='word_1_34' title='bbox 370 824 553 907; x_wconf 81' lang='lat' dir='ltr'><strong>inungatur.</strong></span> <span class='ocrx_word' id='word_1_35' title='bbox 598 823 755 889; x_wconf 86' lang='lat' dir='ltr'>Scholion</span> <span class='ocrx_word' id='word_1_36' title='bbox 777 828 888 889; x_wconf 83' lang='lat' dir='ltr'><strong>sutem</strong></span> <span class='ocrx_word' id='word_1_37' title='bbox 912 842 1013 889; x_wconf 87' lang='lat' dir='ltr'><strong>versu</strong></span> <span class='ocrx_word' id='word_1_38' title='bbox 1037 843 1234 908; x_wconf 85' lang='lat' dir='ltr'><strong>expressum</strong></span> <span class='ocrx_word' id='word_1_39' title='bbox 1256 844 1341 907; x_wconf 87' lang='lat' dir='ltr'><strong>esse,</strong></span> 
     </span>
     <span class='ocr_line' id='line_1_6' title="bbox 238 922 1343 1009; baseline 0 -16"><span class='ocrx_word' id='word_1_40' title='bbox 238 947 304 993; x_wconf 89' lang='lat' dir='ltr'><strong>uon</strong></span> <span class='ocrx_word' id='word_1_41' title='bbox 317 930 368 991; x_wconf 85' lang='lat' dir='ltr'><strong>est</strong></span> <span class='ocrx_word' id='word_1_42' title='bbox 382 924 472 1009; x_wconf 89' lang='lat' dir='ltr'><strong>quod</strong></span> <span class='ocrx_word' id='word_1_43' title='bbox 484 924 624 989; x_wconf 81' lang='lat' dir='ltr'><strong>mireris.</strong></span> <span class='ocrx_word' id='word_1_44' title='bbox 669 922 711 988; x_wconf 85' lang='lat' dir='ltr'><strong>ld</strong></span> <span class='ocrx_word' id='word_1_45' title='bbox 725 924 813 989; x_wconf 87' lang='lat' dir='ltr'><strong>enim</strong></span> <span class='ocrx_word' id='word_1_46' title='bbox 826 929 897 989; x_wconf 85' lang='lat' dir='ltr'><strong>tum</strong></span> <span class='ocrx_word' id='word_1_47' title='bbox 910 943 1005 1004; x_wconf 83' lang='lat' dir='ltr'><strong>casu,</strong></span> <span class='ocrx_word' id='word_1_48' title='bbox 1020 930 1092 991; x_wconf 82' lang='lat' dir='ltr'><strong>tum</strong></span> <span class='ocrx_word' id='word_1_49' title='bbox 1105 932 1174 991; x_wconf 85' lang='lat' dir='ltr'><strong>erte</strong></span> <span class='ocrx_word' id='word_1_50' title='bbox 1194 927 1343 993; x_wconf 80' lang='lat' dir='ltr'><strong>scheles-</strong></span> 
     </span>
     <span class='ocr_line' id='line_1_7' title="bbox 237 1026 1341 1114; baseline 0.002 -21"><span class='ocrx_word' id='word_1_51' title='bbox 237 1028 296 1094; x_wconf 76' lang='lat' dir='ltr'><strong>iioi</strong></span> <span class='ocrx_word' id='word_1_52' title='bbox 309 1028 391 1105; x_wconf 83' lang='lat' dir='ltr'><strong>fieri,</strong></span> <span class='ocrx_word' id='word_1_53' title='bbox 405 1031 440 1092; x_wconf 85' lang='lat' dir='ltr'><strong>et</strong></span> <span class='ocrx_word' id='word_1_54' title='bbox 451 1027 616 1091; x_wconf 74' lang='lat' dir='ltr'><strong>senteneie</strong></span> <span class='ocrx_word' id='word_1_55' title='bbox 629 1027 690 1091; x_wconf 81' lang='lat' dir='ltr'><strong>vix</strong></span> <span class='ocrx_word' id='word_1_56' title='bbox 703 1026 799 1093; x_wconf 80' lang='lat' dir='ltr'><strong>aliter</strong></span> <span class='ocrx_word' id='word_1_57' title='bbox 811 1027 922 1093; x_wconf 83' lang='lat' dir='ltr'><strong>solutu</strong></span> <span class='ocrx_word' id='word_1_58' title='bbox 939 1028 1087 1093; x_wconf 75' lang='lat' dir='ltr'><strong>emfieue</strong></span> <span class='ocrx_word' id='word_1_59' title='bbox 1100 1029 1208 1094; x_wconf 79' lang='lat' dir='ltr'><strong>efferri</strong></span> <span class='ocrx_word' id='word_1_60' title='bbox 1221 1031 1341 1114; x_wconf 81' lang='lat' dir='ltr'><strong>potuit.</strong></span> 
     </span>
     <span class='ocr_line' id='line_1_8' title="bbox 238 1128 1343 1216; baseline 0 -20"><span class='ocrx_word' id='word_1_61' title='bbox 238 1130 386 1216; x_wconf 77' lang='lat' dir='ltr'><strong>Opfimis</strong></span> <span class='ocrx_word' id='word_1_62' title='bbox 401 1148 534 1214; x_wconf 86' lang='lat' dir='ltr'><strong>quoque</strong></span> <span class='ocrx_word' id='word_1_63' title='bbox 548 1129 764 1214; x_wconf 80' lang='lat' dir='ltr'><strong>scriptoribus</strong></span> <span class='ocrx_word' id='word_1_64' title='bbox 778 1132 952 1216; x_wconf 62' lang='lat' dir='ltr'><strong>prosaicis</strong></span> <span class='ocrx_word' id='word_1_65' title='bbox 968 1130 1133 1210; x_wconf 82' lang='lat' dir='ltr'><strong>Ciceroni,</strong></span> <span class='ocrx_word' id='word_1_66' title='bbox 1143 1130 1255 1210; x_wconf 83' lang='lat' dir='ltr'><strong>Livio,</strong></span> <span class='ocrx_word' id='word_1_67' title='bbox 1266 1128 1343 1196; x_wconf 77' lang='lat' dir='ltr'><strong>Sal·</strong></span> 
     </span>
     <span class='ocr_line' id='line_1_9' title="bbox 236 1230 1350 1317; baseline 0.002 -20"><span class='ocrx_word' id='word_1_68' title='bbox 236 1232 349 1314; x_wconf 86' lang='lat' dir='ltr'><strong>lustio,</strong></span> <span class='ocrx_word' id='word_1_69' title='bbox 371 1239 405 1298; x_wconf 83' lang='lat' dir='ltr'><strong>et</strong></span> <span class='ocrx_word' id='word_1_70' title='bbox 427 1232 502 1311; x_wconf 84' lang='lat' dir='ltr'><strong>eliis</strong></span> <span class='ocrx_word' id='word_1_71' title='bbox 526 1231 648 1297; x_wconf 86' lang='lat' dir='ltr'><strong>multos</strong></span> <span class='ocrx_word' id='word_1_72' title='bbox 671 1230 840 1297; x_wconf 78' lang='lat' dir='ltr'><strong>excidisse</strong></span> <span class='ocrx_word' id='word_1_73' title='bbox 861 1231 1084 1311; x_wconf 77' lang='lat' dir='ltr'><strong>hexametros,</strong></span> <span class='ocrx_word' id='word_1_74' title='bbox 1107 1234 1182 1317; x_wconf 86' lang='lat' dir='ltr'><strong>quis</strong></span> <span class='ocrx_word' id='word_1_75' title='bbox 1203 1238 1256 1298; x_wconf 85' lang='lat' dir='ltr'><strong>est</strong></span> <span class='ocrx_word' id='word_1_76' title='bbox 1284 1230 1350 1317; x_wconf 78' lang='lat' dir='ltr'><strong>qui</strong></span> 
     </span>
     <span class='ocr_line' id='line_1_10' title="bbox 236 1332 1341 1425; baseline 0 -26"><span class='ocrx_word' id='word_1_77' title='bbox 236 1335 385 1419; x_wconf 79' lang='lat' dir='ltr'><strong>ignoreti</strong></span> <span class='ocrx_word' id='word_1_78' title='bbox 409 1333 576 1417; x_wconf 80' lang='lat' dir='ltr'><strong>Exempla</strong></span> <span class='ocrx_word' id='word_1_79' title='bbox 598 1332 724 1401; x_wconf 85' lang='lat' dir='ltr'><strong>debunt</strong></span> <span class='ocrx_word' id='word_1_80' title='bbox 747 1334 892 1425; x_wconf 77' lang='lat' dir='ltr'><strong>Scheuer</strong></span> <span class='ocrx_word' id='word_1_81' title='bbox 913 1336 948 1399; x_wconf 89' lang='lat' dir='ltr'><strong>iu</strong></span> <span class='ocrx_word' id='word_1_82' title='bbox 962 1333 1147 1418; x_wconf 64' lang='lat' dir='ltr'><strong>Puaeceptis</strong></span> <span class='ocrx_word' id='word_1_83' title='bbox 1168 1334 1236 1399; x_wconf 74' lang='lat' dir='ltr'><strong>suli</strong></span> <span class='ocrx_word' id='word_1_84' title='bbox 1255 1334 1341 1399; x_wconf 88' lang='lat' dir='ltr'><strong>bene</strong></span> 
     </span>
     <span class='ocr_line' id='line_1_11' title="bbox 236 1434 1341 1521; baseline -0.003 -18"><span class='ocrx_word' id='word_1_85' title='bbox 236 1438 294 1503; x_wconf 82' lang='lat' dir='ltr'><strong>let.</strong></span> <span class='ocrx_word' id='word_1_86' title='bbox 309 1458 345 1521; x_wconf 88' lang='lat' dir='ltr'><strong>p.</strong></span> <span class='ocrx_word' id='word_1_87' title='bbox 359 1437 436 1503; x_wconf 83' lang='grc'><strong>735.</strong></span> <span class='ocrx_word' id='word_1_88' title='bbox 482 1434 562 1501; x_wconf 77' lang='lat' dir='ltr'><strong>Post</strong></span> <span class='ocrx_word' id='word_1_89' title='bbox 575 1434 619 1499; x_wconf 82' lang='lat' dir='ltr'><strong>ad</strong></span> <span class='ocrx_word' id='word_1_90' title='bbox 632 1434 740 1519; x_wconf 81' lang='lat' dir='ltr'><strong>Epist.</strong></span> <span class='ocrx_word' id='word_1_91' title='bbox 755 1435 778 1501; x_wconf 85' lang='lat' dir='ltr'>J</span> <span class='ocrx_word' id='word_1_92' title='bbox 781 1438 880 1502; x_wconf 83' lang='lat' dir='ltr'><strong>ecebi</strong></span> <span class='ocrx_word' id='word_1_93' title='bbox 900 1455 923 1500; x_wconf 87' lang='lat'><strong>1.</strong></span> <span class='ocrx_word' id='word_1_94' title='bbox 938 1437 992 1501; x_wconf 90' lang='grc'><strong>17.</strong></span> <span class='ocrx_word' id='word_1_95' title='bbox 1006 1442 1041 1501; x_wconf 85' lang='lat' dir='ltr'><strong>et</strong></span> <span class='ocrx_word' id='word_1_96' title='bbox 1054 1436 1190 1502; x_wconf 86' lang='lat' dir='ltr'><strong>Nolteu.</strong></span> <span class='ocrx_word' id='word_1_97' title='bbox 1205 1437 1241 1502; x_wconf 90' lang='lat' dir='ltr'><strong>iu</strong></span> <span class='ocrx_word' id='word_1_98' title='bbox 1255 1435 1341 1503; x_wconf 70' lang='lat' dir='ltr'><strong>Iex.</strong></span> 
     </span>
     <span class='ocr_line' id='line_1_12' title="bbox 238 1537 1342 1624; baseline -0.001 -19"><span class='ocrx_word' id='word_1_99' title='bbox 238 1560 269 1605; x_wconf 90' lang='lat' dir='ltr'><strong>v.</strong></span> <span class='ocrx_word' id='word_1_100' title='bbox 284 1559 397 1607; x_wconf 78' lang='lat' dir='ltr'><strong>versus.</strong></span> <span class='ocrx_word' id='word_1_101' title='bbox 442 1538 549 1603; x_wconf 80' lang='lat' dir='ltr'><strong>Fraus</strong></span> <span class='ocrx_word' id='word_1_102' title='bbox 562 1540 662 1603; x_wconf 82' lang='lat' dir='ltr'><strong>etium</strong></span> <span class='ocrx_word' id='word_1_103' title='bbox 676 1542 745 1603; x_wconf 79' lang='lat' dir='ltr'><strong>tum</strong></span> <span class='ocrx_word' id='word_1_104' title='bbox 764 1538 875 1603; x_wconf 78' lang='lat' dir='ltr'><strong>facilis</strong></span> <span class='ocrx_word' id='word_1_105' title='bbox 889 1544 942 1603; x_wconf 86' lang='lat' dir='ltr'><strong>est</strong></span> <span class='ocrx_word' id='word_1_106' title='bbox 955 1537 1255 1624; x_wconf 67' lang='lat' dir='ltr'><strong>interpolatorum,</strong></span> <span class='ocrx_word' id='word_1_107' title='bbox 1270 1544 1342 1604; x_wconf 83' lang='lat' dir='ltr'><strong>tum</strong></span> 
     </span>
     <span class='ocr_line' id='line_1_13' title="bbox 237 1638 1341 1727; baseline 0.001 -21"><span class='ocrx_word' id='word_1_108' title='bbox 237 1640 380 1709; x_wconf 88' lang='lat' dir='ltr'><strong>difficilis</strong></span> <span class='ocrx_word' id='word_1_109' title='bbox 394 1641 438 1706; x_wconf 86' lang='lat' dir='ltr'><strong>sd</strong></span> <span class='ocrx_word' id='word_1_110' title='bbox 453 1639 668 1725; x_wconf 79' lang='lat' dir='ltr'><strong>detegendum</strong></span> <span class='ocrx_word' id='word_1_111' title='bbox 680 1640 715 1704; x_wconf 88' lang='lat' dir='ltr'><strong>iu</strong></span> <span class='ocrx_word' id='word_1_112' title='bbox 736 1638 847 1725; x_wconf 64' lang='lat' dir='ltr'><strong>poetis</strong></span> <span class='ocrx_word' id='word_1_113' title='bbox 864 1640 1022 1719; x_wconf 77' lang='lat' dir='ltr'><strong>satiricis,</strong></span> <span class='ocrx_word' id='word_1_114' title='bbox 1037 1642 1095 1724; x_wconf 90' lang='lat' dir='ltr'><strong>qui</strong></span> <span class='ocrx_word' id='word_1_115' title='bbox 1109 1642 1251 1708; x_wconf 87' lang='lat' dir='ltr'><strong>sermoni</strong></span> <span class='ocrx_word' id='word_1_116' title='bbox 1264 1660 1341 1727; x_wconf 77' lang='lat' dir='ltr'><strong>pm·</strong></span> 
     </span>
     <span class='ocr_line' id='line_1_14' title="bbox 236 1740 1340 1829; baseline 0 -19"><span class='ocrx_word' id='word_1_117' title='bbox 236 1746 333 1829; x_wconf 85' lang='lat' dir='ltr'><strong>piore</strong></span> <span class='ocrx_word' id='word_1_118' title='bbox 353 1745 516 1825; x_wconf 79' lang='lat' dir='ltr'><strong>seribuut3</strong></span> <span class='ocrx_word' id='word_1_119' title='bbox 539 1741 580 1807; x_wconf 85' lang='lat' dir='ltr'><strong>de</strong></span> <span class='ocrx_word' id='word_1_120' title='bbox 595 1762 662 1827; x_wconf 91' lang='lat' dir='ltr'><strong>quo</strong></span> <span class='ocrx_word' id='word_1_121' title='bbox 675 1760 709 1807; x_wconf 84' lang='lat' dir='ltr'><strong>v.</strong></span> <span class='ocrx_word' id='word_1_122' title='bbox 733 1740 853 1809; x_wconf 74' lang='lat' dir='ltr'><strong>Horeb</strong></span> <span class='ocrx_word' id='word_1_123' title='bbox 880 1742 950 1809; x_wconf 77' lang='lat' dir='ltr'><strong>Sub</strong></span> <span class='ocrx_word' id='word_1_124' title='bbox 974 1761 1000 1808; x_wconf 88' lang='grc' dir='ltr'><strong>ι.</strong></span> <span class='ocrx_word' id='word_1_125' title='bbox 1023 1744 1056 1807; x_wconf 86' lang='grc'><strong>4.</strong></span> <span class='ocrx_word' id='word_1_126' title='bbox 1073 1742 1189 1808; x_wconf 82' lang='grc'><strong>40-62.</strong></span> <span class='ocrx_word' id='word_1_127' title='bbox 1212 1740 1265 1807; x_wconf 85' lang='lat' dir='ltr'><strong>cf.</strong></span> <span class='ocrx_word' id='word_1_128' title='bbox 1280 1742 1340 1811; x_wconf 79' lang='lat' dir='ltr'><strong>ius.</strong></span> 
     </span>
     <span class='ocr_line' id='line_1_15' title="bbox 237 1844 602 1912; baseline -0.005 0"><span class='ocrx_word' id='word_1_129' title='bbox 237 1844 380 1912; x_wconf 77' lang='lat' dir='ltr'><strong>Excurs-</strong></span> <span class='ocrx_word' id='word_1_130' title='bbox 395 1844 438 1911; x_wconf 86' lang='lat' dir='ltr'><strong>ed</strong></span> <span class='ocrx_word' id='word_1_131' title='bbox 456 1845 602 1911; x_wconf 58' lang='grc'><strong>11123.</strong></span> 
     </span>
    </p>

    <p class='ocr_par' dir='ltr' id='par_1_3' title="bbox 235 1942 1351 2239">
     <span class='ocr_line' id='line_1_16' title="bbox 259 1942 1348 2035; baseline 0 -24"><span class='ocrx_word' id='word_1_132' title='bbox 259 1960 260 1965; x_wconf 76' lang='grc'>’</span> <span class='ocrx_word' id='word_1_133' title='bbox 282 1946 380 2035; x_wconf 80' lang='lat' dir='ltr'><strong>Afros</strong></span> <span class='ocrx_word' id='word_1_134' title='bbox 394 1947 553 2014; x_wconf 84' lang='lat' dir='ltr'><strong>exhibent</strong></span> <span class='ocrx_word' id='word_1_135' title='bbox 572 1948 629 2014; x_wconf 78' lang='lat'><strong>1³.</strong></span> <span class='ocrx_word' id='word_1_136' title='bbox 648 1948 703 2015; x_wconf 92' lang='grc'><strong>21.</strong></span> <span class='ocrx_word' id='word_1_137' title='bbox 717 1948 772 2015; x_wconf 91' lang='grc'><strong>22.</strong></span> <span class='ocrx_word' id='word_1_138' title='bbox 796 1947 853 2013; x_wconf 83' lang='grc'><strong>82.</strong></span> <span class='ocrx_word' id='word_1_139' title='bbox 875 1943 968 2030; x_wconf 75' lang='lat' dir='ltr'><strong>Afris</strong></span> <span class='ocrx_word' id='word_1_140' title='bbox 980 1948 1035 2013; x_wconf 78' lang='lat'><strong>77.</strong></span> <span class='ocrx_word' id='word_1_141' title='bbox 1056 1942 1348 2018; x_wconf 66' lang='lat' dir='ltr'><strong>aaerb10.11÷12.3</strong></span> 
     </span>
     <span class='ocr_line' id='line_1_17' title="bbox 236 2045 1351 2127; baseline -0.001 -9"><span class='ocrx_word' id='word_1_142' title='bbox 236 2051 349 2119; x_wconf 83' lang='grc'><strong>14-17.</strong></span> <span class='ocrx_word' id='word_1_143' title='bbox 364 2049 419 2117; x_wconf 88' lang='grc'><strong>19.</strong></span> <span class='ocrx_word' id='word_1_144' title='bbox 437 2048 491 2115; x_wconf 82' lang='grc'><strong>20.</strong></span> <span class='ocrx_word' id='word_1_145' title='bbox 513 2049 626 2117; x_wconf 78' lang='grc'><strong>23-27.</strong></span> <span class='ocrx_word' id='word_1_146' title='bbox 641 2050 755 2117; x_wconf 71' lang='lat' dir='ltr'><strong>cib-50.</strong></span> <span class='ocrx_word' id='word_1_147' title='bbox 769 2050 884 2116; x_wconf 73' lang='lat'><strong>5474.</strong></span> <span class='ocrx_word' id='word_1_148' title='bbox 898 2050 953 2117; x_wconf 87' lang='grc'><strong>76.</strong></span> <span class='ocrx_word' id='word_1_149' title='bbox 968 2048 1033 2114; x_wconf 86' lang='grc'><strong>81..</strong></span> <span class='ocrx_word' id='word_1_150' title='bbox 1067 2046 1157 2127; x_wconf 74' lang='lat' dir='ltr'><strong>Quae</strong></span> <span class='ocrx_word' id='word_1_151' title='bbox 1179 2045 1351 2117; x_wconf 83' lang='lat' dir='ltr'><strong>lectiones.</strong></span> 
     </span>
     <span class='ocr_line' id='line_1_18' title="bbox 235 2148 1220 2239; baseline -0.004 -20"><span class='ocrx_word' id='word_1_152' title='bbox 235 2154 352 2239; x_wconf 74' lang='lat' dir='ltr'><strong>probae</strong></span> <span class='ocrx_word' id='word_1_153' title='bbox 365 2155 443 2219; x_wconf 86' lang='lat' dir='ltr'><strong>suut</strong></span> <span class='ocrx_word' id='word_1_154' title='bbox 456 2170 580 2219; x_wconf 87' lang='lat' dir='ltr'><strong>omues.</strong></span> <span class='ocrx_word' id='word_1_155' title='bbox 601 2150 649 2219; x_wconf 90' lang='lat' dir='ltr'><strong>V.</strong></span> <span class='ocrx_word' id='word_1_156' title='bbox 662 2152 770 2219; x_wconf 85' lang='lat' dir='ltr'><strong>Beutl.</strong></span> <span class='ocrx_word' id='word_1_157' title='bbox 785 2151 830 2219; x_wconf 84' lang='lat' dir='ltr'><strong>ed</strong></span> <span class='ocrx_word' id='word_1_158' title='bbox 844 2151 965 2219; x_wconf 84' lang='lat' dir='ltr'><strong>Heret.</strong></span> <span class='ocrx_word' id='word_1_159' title='bbox 979 2150 1050 2217; x_wconf 72' lang='lat' dir='ltr'><strong>Set</strong></span> <span class='ocrx_word' id='word_1_160' title='bbox 1064 2166 1105 2215; x_wconf 85' lang='lat'><strong>11·</strong></span> <span class='ocrx_word' id='word_1_161' title='bbox 1119 2148 1152 2217; x_wconf 83' lang='grc'><strong>8.</strong></span> <span class='ocrx_word' id='word_1_162' title='bbox 1164 2148 1220 2215; x_wconf 77' lang='grc'><strong>95.</strong></span> 
     </span>
    </p>
   </div>
   <div class='ocr_carea' id='block_1_3' title="bbox 0 0 1596 4917">
    <p class='ocr_par' dir='ltr' id='par_1_4' title="bbox 0 0 1596 4917">
     <span class='ocr_line' id='line_1_19' title="bbox 0 0 1596 4917; baseline 0 3"><span class='ocrx_word' id='word_1_163' title='bbox 0 0 1596 4917; x_wconf 95' lang='lat' dir='ltr'><strong> </strong></span> 
     </span>
    </p>
   </div>
  </div>
 </body>
</html>
