3184 4917
290 400 355 467 114
575 416 623 463 un
646 414 727 463 ssu.
751 413 911 475 uucrurr,
934 412 1105 477 nonsart,

286 556 517 647 philosophiae,
531 576 672 635 morum,
687 576 727 622 ac
741 556 822 621 vitre
837 557 1028 641 praeceptis,
1043 557 1187 622 dirersis
1197 558 1389 625 facetiarum

286 668 321 727 et
335 660 495 727 sermonis
509 660 697 741 generibus,
711 658 888 723 mrrltarum
900 676 1020 737 rerum,
1043 660 1130 725 scitu
1150 664 1220 725 tarn
1243 661 1397 742 gratissi.

286 782 414 830 marum
435 781 536 845 quam
559 761 815 838 utilissimarum,
838 763 948 845 copia,
974 762 1142 845 variisque
1164 763 1324 827 orationis
1354 766 1390 826 et

284 865 427 950 poeseos
441 866 577 943 artibus,
600 864 635 929 in
658 863 875 941 inveniendis,
890 863 1116 949 disponendis,
1141 863 1388 943 connectendis,

286 974 331 1033 etv
348 966 502 1031 ornandis
522 966 632 1043 rebuS,
656 966 691 1028 iu
714 966 948 1029 sententiarum
977 985 1018 1031 ac
1045 967 1219 1031 verborum
1247 966 1394 1045 delectu,-

285 1067 472 1149 abundaut3
494 1072 527 1131 et
549 1065 658 1148 dignae
673 1066 808 1129 omnino
822 1073 911 1144 sunt,
936 1086 1015 1150 quae
1036 1068 1081 1132 ab
1094 1088 1305 1151 unoquoque,
1328 1069 1389 1153 qui

283 1190 351 1235 non
364 1170 464 1235 modo
487 1186 604 1253 sapere
625 1168 701 1250 plns
727 1187 828 1251 quam
847 1169 955 1254 plebs,
981 1170 1041 1234 sed
1066 1169 1205 1235 honeste
1231 1171 1331 1235 etiam
1355 1174 1389 1235 et

279 1272 428 1357 jucunde
442 1273 554 1337 virere
568 1270 670 1354 cupit,
690 1267 863 1351 diligenter
874 1289 915 1335 ac
929 1271 1077 1336 studiose
1089 1292 1150 1357 per
1162 1278 1267 1337 totam
1282 1273 1387 1338 vitam

282 1376 443 1457 legantur.
488 1370 658 1455 Quicquid
681 1377 792 1437 autem
814 1372 888 1437 ritii
910 1372 963 1438 vel
977 1379 1059 1441 retas
1073 1374 1128 1440 vel
1142 1379 1314 1439 auctorum
1336 1375 1388 1439 in·

283 1476 407 1541 stitutio
421 1477 463 1540 iis
478 1476 630 1560 aspersit,
655 1472 771 1540 facile·
783 1473 906 1557 poterit
926 1476 1027 1540 vitari
1041 1495 1108 1540 uon
1119 1480 1245 1539 tanturm
1257 1497 1280 1541 a
1292 1479 1387 1559 viris,

282 1577 405 1663 quibus
419 1574 592 1641 subactum
605 1582 656 1641 est
671 1574 838 1660 judicium
851 1582 885 1641 et
904 1582 1023 1661 pectus
1037 1577 1202 1661 sapientia
1213 1579 1386 1657 munibrm,
1405 1615 1409 1622 -

282 1678 454 1744 sedetiam
466 1698 488 1743 a
497 1678 688 1763 juvenibus,
699 1678 875 1743 modouou
885 1679 1005 1743 obtuso
1016 1679 1083 1743 sint
1091 1679 1235 1760 iugenio,
1244 1689 1302 1746 aut
1310 1680 1388 1747 ido·

280 1780 333 1847 nei
349 1782 566 1866 praeceptoris
578 1801 642 1865 ope
653 1785 688 1845 et
701 1781 850 1846 consiliis
864 1778 1025 1845 destituti.
1069 1780 1177 1846 Ievia
1184 1802 1316 1868 quoque
1326 1785 1387 1852 illa

279 1883 366 1949 vitia
375 1888 442 1947 tam
450 1884 580 1965 magnis
589 1881 798 1945 redemerunt
805 1880 995 1958 virtutibus,
1004 1885 1138 1946 ettanto
1146 1883 1244 1967 plura
1254 1884 1386 1966 babent,

278 2004 355 2070 quae
369 1984 484 2049 laudes
508 1989 541 2047 et
566 1982 746 2061 admireris,
769 1998 871 2066 quam
897 2002 972 2066 quae
997 1984 1164 2067 immobes
1192 1986 1246 2049 vel
1273 1988 1386 2071 potius

277 2084 446 2168 ignoscas,
489 2088 528 2148 ut
553 2081 597 2148 ad
621 2102 684 2147 uos
710 2082 819 2147 adbuc
846 2082 948 2148 bodie
976 2084 1053 2168 plus
1081 2091 1116 2149 et
1142 2088 1326 2171 uoluptatis
1352 2095 1386 2155 et

276 2186 430 2252 utilitatis
442 2204 486 2251 ex
500 2202 625 2261 aarum,
640 2202 741 2267 quam
756 2202 801 2247 ex
814 2183 954 2248 aliorum
967 2184 1124 2251 librorum
1137 2190 1296 2266 veterum,
1316 2188 1384 2254 lec·

276 2286 367 2351 tione
379 2284 548 2351 redundet.
594 2283 807 2367 Quantopere
827 2285 943 2367 itaque
964 2303 1023 2349 eas
1040 2284 1214 2365 marma,
1236 2286 1294 2353 illo
1309 2306 1384 2354 aero

276 2388 475 2464 virentibus,
500 2392 533 2450 et
557 2385 726 2471 placuisse
744 2390 779 2450 et
790 2383 959 2468 proluisse
973 2385 1188 2469 putabimusl
1220 2386 1312 2453 Nam
1329 2408 1383 2455 sa·

274 2489 363 2555 tirici
388 2487 511 2573 podiae,
536 2487 594 2571 qui
616 2504 724 2551 mores
747 2483 938 2550 describunt
961 2486 1080 2552 saeculi
1104 2486 1157 2550 sni
1183 2506 1382 2575 suorumque

275 2592 486 2675 popularium
510 2593 542 2655 et
567 2588 758 2675 aequalium,
781 2588 900 2653 horum
924 2606 1057 2674 quoque
1080 2589 1209 2655 animos
1235 2593 1382 2657 maxime

275 2695 472 2778 percutiunt.

322 2794 413 2874 Quid
428 2798 535 2865 verat
557 2816 663 2862 uonna
684 2798 824 2864 nimium
847 2796 936 2860 risus
958 2796 1219 2882 facetiarumque
1240 2798 1381 2881 pretium

274 2904 335 2977 cst,
351 2901 381 2963 si
396 2898 577 2965 honestatis
591 2900 833 2985 probitatisque
845 2898 1016 2983 impendio
1031 2900 1208 2964 constanti
1230 2896 1309 2963 Jam
1320 2899 1380 2962 du·

275 2998 354 3063 dum
376 3001 464 3065 onim
489 2999 601 3065 audire
619 3000 699 3065 mibi
724 3000 840 3065 videor
862 3001 964 3081 paulo
977 2998 1149 3083 rigidiores
1163 3019 1292 3066 morum
1305 3019 1380 3064 cen·

274 3118 367 3163 sores
395 3100 538 3181 graviter
568 3102 731 3165 obscoena
756 3101 827 3177 illa,
848 3104 1005 3180 tanquam
1031 3117 1085 3174 ea,
1112 3118 1190 3180 quoe
1218 3102 1379 3183 pudorem

274 3198 439 3265 offendant
460 3204 493 3262 et
516 3204 657 3262 noceant
680 3218 807 3263 morum
832 3200 989 3274 castitati,
1016 3197 1218 3277 damnantes,
1242 3206 1276 3263 et
1300 3201 1379 3265 Per-

272 3300 371 3377 sium,
387 3301 446 3383 qui
461 3301 505 3365 ab
519 3301 575 3379 iis,
599 3300 628 3365 si
644 3304 794 3383 quartam
808 3297 983 3381 exceperis
998 3297 1148 3377 satiram,
1171 3300 1378 3380 abstinuerit,

272 3400 416 3467 Horatio
438 3406 614 3486 propterea
637 3406 671 3465 et
695 3399 856 3466 Juvenali
878 3399 1103 3466 anteferentes.
1148 3398 1275 3465 Verum
1289 3400 1379 3469 enim

271 3524 349 3569 reru
363 3504 460 3569 salva
472 3523 526 3568 res
540 3508 601 3582 est,
619 3504 756 3588 jamque
779 3503 876 3567 multi
900 3520 1040 3566 causam
1058 3501 1247 3585 famamque
1260 3503 1378 3567 borum

271 3606 444 3689 potarum
458 3610 744 3691 propugnarunt,¹3
769 3608 805 3668 et
823 3604 857 3667 iu
880 3602 933 3667 bis
955 3621 1061 3685 nuper
1083 3600 1136 3667 ct.
1156 3601 1292 3685 Koenig,
1317 3604 1376 3688 (da

272 3706 343 3772 Sat.
360 3705 461 3772 Rom.
477 3727 512 3791 p.
528 3706 583 3773 96.
598 3701 688 3790 seq.)
702 3704 800 3789 cujus
814 3704 917 3769 verba
927 3723 1014 3769 nunc
1027 3722 1105 3768 mea
1117 3702 1237 3783 facere,
1249 3710 1283 3769 et
1294 3704 1376 3768 alio·

765 3920 872 3973 NOTAE
968 3928 973 3939 ¹

300 4064 330 4109 lt
348 4062 392 4112 De
413 4060 540 4112 obscenis
560 4062 698 4113 multorum
719 4060 800 4133 scrip·
839 4062 913 4111 ml.
931 4058 1004 4111 Edit.
1024 4056 1147 4109 Rotterd.
1168 4060 1242 4106 lm.
1271 4053 1311 4117 (Τ.
1326 4064 1373 4103 1¹¹.

266 4141 350 4186 torum
361 4137 427 4187 locis
438 4139 532 4202 passim
544 4137 800 4201 disseruitBayleiu
838 4153 867 4202 p.
885 4144 958 4190 tlttt.
976 4152 1015 4204 oq.
1033 4138 1083 4189 Ed.
1102 4134 1222 4187 Rotterd.
1240 4129 1326 4196 lm.)
1344 4132 1372 4183 io

267 4209 342 4263 Dlot.
353 4212 411 4263 bist.
423 4213 481 4263 crit.
502 4212 567 4278 (vid.
585 4212 612 4261 lu
628 4212 661 4275 ej.
678 4211 737 4263 lud.
751 4212 799 4260 Ol·
839 4215 1045 4266 [adranam
1055 4228 1096 4263 ur
1105 4214 1139 4261 to
1150 4207 1296 4261 umato.

264 4284 379 4351 walter)
389 4286 492 4351 copiose
503 4302 564 4338 vero
574 4286 607 4339 Τ.
616 4300 654 4338 tv·
663 4300 690 4351 p.
699 4288 799 4336 tour-

331 4388 340 4397 ι
