3184 4917
286 356 335 421 62
737 376 786 425 nn
808 373 944 425 sarran

290 512 456 594 ananelum,
482 535 541 601 per
562 515 741 581 ludibrium
766 517 882 583 oculos
902 516 1023 599 agitare
1036 521 1070 579 et
1083 516 1230 583 dicteriis
1245 520 1390 605 aliquem

289 619 512 702 proscindere,
526 621 575 683 sic
590 619 691 696 dicta,
705 618 808 705 (unde
818 618 918 683 etiam
932 618 1032 693 crutis
1045 638 1194 685 scomma
1213 627 1246 686 et
1267 622 1391 691 dicaci·

289 722 341 783 tas
355 724 519 799 vocatur,)
535 720 650 804 qualia
663 720 784 784 Timon
800 718 970 783 Phliasius
992 719 1165 785 Ptolemaei
1180 721 1389 807 Philadelphi

289 825 387 902 oetate
396 828 429 885 ot
439 820 668 905 Xenophanes
682 821 826 885 Lesbius
836 822 990 899 heroicis,
1003 822 1170 899 iambicis,
1185 829 1218 887 et
1231 825 1389 907 elegiacis

269 966 273 975 .
288 922 440 985 uersibus
454 922 632 1005 scripsere:
655 942 733 985 nam
756 916 899 1005 plurium
914 923 1196 1006 Sillographorum
1210 927 1269 990 vix
1283 929 1390 992 nomi·

287 1042 333 1088 na
346 1024 525 1101 innotuere,
549 1028 582 1088 et
596 1025 711 1089 horum
725 1043 859 1107 quoque
874 1026 973 1107 pauci
989 1031 1114 1090 tantum
1125 1048 1239 1092 vermis
1253 1036 1388 1109 restant,

288 1147 309 1192 a
338 1128 488 1209 Diogene
519 1126 654 1191 Laertio
679 1125 848 1208 Sextoque
872 1126 1041 1209 Empirico
1069 1132 1253 1207 memorati,
1283 1139 1317 1196 et
1344 1134 1388 1195 ab

288 1227 394 1292 Henr.
411 1228 593 1310 Stephano,
606 1228 654 1303 (in
682 1226 784 1291 Polisi
810 1227 947 1309 philos.)
969 1227 1207 1311 Langheinrich
1228 1230 1280 1314 (in
1294 1232 1387 1298 Iliss.

288 1345 331 1393 11.
346 1327 388 1393 de
403 1328 545 1392 Timone
560 1328 656 1410 Lips.
672 1328 770 1392 1720.
787 1324 903 1410 1721.)
923 1326 1126 1393 Casaubono
1139 1329 1197 1413 (de
1205 1330 1275 1395 Sat.
1285 1332 1387 1398 Rom.

287 1448 323 1512 p.
338 1429 416 1495 222.
432 1428 525 1514 223.)
545 1436 579 1493 et
593 1428 763 1493 Brunclrio
778 1430 826 1507 (in
839 1418 941 1493 Anal.
966 1428 1012 1493 V.
1029 1428 1071 1493 P.
1086 1428 1127 1494 Τ.
1145 1447 1186 1495 11.
1201 1452 1238 1514 p.
1252 1432 1297 1496 67
1318 1432 1388 1517 sq.)

283 1532 432 1609 collecti,
458 1532 577 1614 quihus
603 1529 795 1617 philosophi
817 1529 1060 1614 cujuscumque
1081 1532 1207 1613 generis
1229 1531 1388 1599 dicaciter

285 1631 474 1711 illuduntur,
498 1638 529 1696 et
543 1652 564 1696 a
577 1632 717 1696 Timone
730 1649 847 1713 graves
869 1649 961 1713 saepe
985 1637 1019 1694 et
1037 1631 1224 1714 magnificas
1248 1632 1387 1699 Homeri

285 1733 477 1811 locutiones,
499 1733 592 1797 utin
605 1731 756 1817 παρῳδίαις
777 1730 825 1808 fit,
840 1729 1073 1794 transferuntur
1098 1732 1141 1795 ad
1163 1752 1215 1796 res
1228 1734 1384 1801 ludicras.

285 1833 374 1913 Qum
398 1834 627 1920 Xenophanes
649 1838 809 1917 praelerea
830 1834 961 1917 γόγραφι
983 1832 1011 1893 iv
1031 1832 1109 1894 ism
1131 1834 1180 1894 καὶ
1194 1833 1321 1918 ἐλεγείας
1337 1839 1384 1899 καὶ

285 1934 405 2016 ἰάμβους
434 1938 530 2015 (sorte
551 1936 691 2020 ἐλεγείαις
718 1940 751 1999 et
775 1931 907 2020 Ιᾶμβοις)
930 1932 992 1997 καθ’
1011 1932 1147 1998 Ἡσιόδου
1177 1936 1227 1997 καὶ
1249 1937 1384 2022 Ὀμήρου,

284 2040 496 2120 leudenensis.
517 2036 713 2115 tetradum)
728 2040 819 2101 αὐτῶν
842 2041 882 2102 rol
901 2038 961 2124 περὶ
987 2036 1050 2100 θεῶν
1071 2035 1209 2124 ιίρημένα,
1230 2040 1260 2102 si
1282 2040 1384 2105 Laer-

283 2142 332 2206 tio
347 2158 402 2207 ιιι.
418 2141 461 2207 18
474 2147 559 2207 extr.
575 2140 658 2204 fides
671 2138 836 2218 habenda,
858 2140 1099 2205 interciderunt.

325 2242 359 2307 A
373 2242 567 2308 Graeconrm
582 2244 779 2307 carminibus
793 2242 966 2307 maledicis
986 2242 1059 2328 jam
1072 2243 1319 2327 progrediamur
1340 2242 1383 2307 ad

284 2342 450 2421 Romana,
466 2349 500 2407 et
514 2342 613 2407 simul
637 2360 658 2405 a
683 2340 816 2407 Graecos
839 2342 983 2426 poeseos
1005 2346 1196 2428 primordiis
1221 2352 1255 2411 et
1278 2346 1383 2411 incre·

281 2446 411 2522 mentis,
434 2464 510 2528 quae
525 2444 644 2527 paucis
659 2442 889 2523 delibavimus,
905 2445 1115 2525 adsimilem,
1130 2466 1239 2531 neque
1252 2467 1274 2511 a
1287 2445 1383 2512 Grae·

283 2566 397 2611 corum
410 2544 604 2623 imitatione,
626 2544 721 2630 (quae
736 2550 814 2609 tunc
829 2545 962 2611 demum
977 2548 1092 2630 coepit,
1116 2567 1192 2612 cnm
1216 2548 1382 2631 ingenium

282 2652 350 2713 arte
364 2643 588 2730 formaretur)
610 2646 668 2710 sed
688 2666 709 2709 a
722 2652 841 2711 nutura
854 2646 1039 2730 prolectam
1062 2649 1220 2731 originem
1244 2649 1381 2713 lentum·

282 2772 345 2835 que
359 2768 567 2837 progressum
582 2747 745 2813 Romanae
759 2747 920 2831 po'e'tices.
965 2747 1021 2813 Ex
1030 2750 1114 2814 locis
1123 2750 1276 2815 classicis
1283 2748 1379 2833 Virg.

280 2852 343 2919 Ge.
362 2870 402 2917 ιι.
417 2853 483 2919 385
497 2873 567 2936 seq.
581 2858 614 2917 et
629 2850 751 2916 Horat.
772 2848 881 2936 Epist.
904 2866 946 2916 ιι.
972 2852 1004 2917 1.
1021 2852 1165 2917 139-167
1179 2851 1378 2933 intelligitur,

279 2954 399 3037 priscis
414 2955 618 3037 temporibus
641 2953 683 3016 ab
710 2952 895 3033 agrestibus
916 2952 1005 3018 Latii
1028 2954 1195 3029 Liberalia
1220 2960 1255 3019 et
1277 2954 1379 3018 festos

280 3054 352 3118 dies
365 3062 445 3138 post
457 3074 600 3119 messem
613 3054 780 3119 conditam
795 3054 911 3119 eodem
925 3054 992 3118 sere
1009 3053 1122 3131 modo,
1146 3074 1212 3136 quo
1237 3074 1259 3117 a
1283 3054 1380 3119 Grae·

280 3156 341 3233 cis,
365 3154 546 3236 eademque
567 3153 694 3217 ludicra
708 3172 767 3235 per
779 3171 887 3235 pagos
901 3159 980 3217 acta
992 3171 1084 3231 esse3
1107 3170 1166 3215 eos
1179 3154 1215 3214 in
1231 3152 1379 3220 Deorum

279 3256 434 3319 riualirun
459 3254 613 3319 honorem
639 3252 800 3315 cecinisse
813 3250 966 3334 hymnos,
990 3257 1023 3315 et
1047 3270 1116 3314 non
1138 3271 1172 3314 m
1193 3250 1239 3315 do
1260 3254 1379 3319 oscilla

276 3357 348 3422 sive
360 3357 469 3421 larvas
485 3376 504 3421 e
518 3355 696 3421 corticibus
719 3353 826 3417 lactas
841 3353 1016 3417 arboribus
1031 3352 1243 3438 appendisse,
1266 3359 1304 3418 ut
1325 3354 1377 3419 his

278 3456 407 3523 Bacchi
429 3456 627 3539 imaginibus
650 3460 749 3518 vento
772 3473 909 3538 quaqua
930 3474 1047 3519 versus
1072 3455 1207 3538 agitatis
1227 3456 1378 3521 maxima

278 3580 431 3645 agrorum
444 3560 576 3623 ubertas
590 3556 836 3633 diffunderetur,
850 3554 910 3619 sed
923 3555 966 3619 iis
980 3574 1112 3640 quoque
1127 3574 1187 3619 ora
1197 3555 1378 3623 obduxisse

277 3682 356 3743 sua3
378 3661 579 3744 eosdemque
603 3662 651 3725 ita
674 3664 871 3743 personatos
885 3662 919 3721 et
932 3658 1011 3723 vino
1025 3676 1142 3739 graves
1154 3656 1377 3743 praetereuntif

275 3765 339 3828 bus
353 3762 484 3847 sibique
500 3764 642 3825 invicem
657 3760 833 3843 ingessisse
856 3759 993 3825 dicteria
1015 3765 1050 3823 et
1067 3760 1199 3843 probra,
1222 3762 1375 3825 versibus

276 3871 313 3931 ut
337 3864 513 3948 plurimum
534 3862 724 3940 inconditis,
740 3862 915 3927 amoebaeis
928 3869 962 3927 et
975 3861 1255 3943 extemporalibus
1279 3862 1376 3938 (adro-

276 3963 398 4051 σχεδίοις
411 3962 525 4051 ᾄσματι
542 3985 570 4029 s,
596 3964 744 4044 ποιήμασι,
768 3960 986 4047 Impromptur,
1008 3958 1234 4045 Improviscre)
1255 3966 1375 4025 temere

276 4086 317 4129 ac
332 4067 403 4130 sine
417 4074 486 4131 arte
502 4064 708 4130 adumbrata.
752 4050 855 4128 Tales
867 4083 981 4128 versus
993 4067 1089 4127 erant
1111 4060 1266 4138 Suturoii,
1288 4061 1321 4125 h.
1343 4080 1373 4123 e.

275 4166 378 4251 prisci
393 4184 434 4232 ac
447 4164 556 4245 rudes,
571 4170 603 4231 et
619 4162 811 4243 Fescennbri,
827 4182 848 4229 a
865 4162 1056 4243 Pescennio,
1082 4161 1222 4227 Etruriae
1238 4160 1373 4247 oppido,
