3184 4917
291 436 356 502 1⁰2
577 448 628 497 nu
650 446 732 495 sur.
757 444 1112 505 commemorarit,

291 595 341 661 sic
356 591 464 658 omnis
477 588 584 657 oratio
599 611 621 656 a
633 590 773 655 nutrirali
791 590 1034 674 pulchritudine
1056 609 1096 653 ac
1117 589 1266 665 veritate,
1281 606 1302 653 a
1317 588 1397 655 sim·

291 695 453 780 plicitate,
468 694 638 775 gravitate,
651 698 684 756 et
697 692 907 769 srrblimitnte,
922 690 964 756 ad
972 693 1135 755 rhetorum
1149 689 1286 753 subtiles
1299 708 1398 773 argu-

290 797 358 861 tias
372 802 405 860 et
418 795 578 879 puerilem
596 795 631 857 in
652 793 793 857 dicendo
808 797 968 869 ornatum,
982 791 1026 856 ad
1040 790 1215 873 quaesitam
1230 791 1397 873 quandam

291 895 488 979 elegantiam
502 900 535 959 et
545 894 719 960 verborum
740 893 916 971 luxuriem,
937 893 1055 956 robore
1068 890 1243 972 nervisque
1256 890 1399 955 destitu-

292 1002 372 1075 tum,
397 996 441 1060 ad
468 998 600 1061 inanem
630 995 791 1059 doctrina·
820 996 1067 1060 ostentationem
1095 991 1400 1075 affectationemque

292 1098 373 1167 artis
387 1096 592 1162 deflectebat.
637 1095 779 1160 Po'c'tica
801 1098 921 1173 oratio,
945 1093 1213 1172 vicet-facultas
1235 1098 1398 1172 auctura,

292 1198 435 1281 ingenio,
450 1204 607 1282 rectoque
623 1196 762 1281 judicio,
781 1214 803 1259 a
817 1195 938 1278 quibus
951 1201 1024 1259 tota
1043 1193 1174 1277 pendet,
1190 1192 1234 1256 ad
1248 1198 1351 1257 artem
1364 1200 1400 1258 et

292 1306 473 1383 praccepta,
503 1318 580 1382 quoe
607 1297 677 1361 sine
703 1296 770 1359 illis
794 1315 912 1379 pamm
940 1294 1063 1371 valent,
1093 1313 1238 1378 quaeque
1264 1312 1398 1359 sensnm

292 1418 406 1465 verum
429 1417 470 1463 ae
492 1398 676 1482 pulchrum,
691 1416 801 1460 acrem
817 1401 850 1459 et
871 1400 1017 1472 acutum,
1032 1396 1117 1459 alere
1139 1394 1273 1480 quidem
1294 1402 1327 1461 et
1347 1415 1399 1459 re·

294 1518 378 1581 gere,
389 1519 456 1564 non
470 1501 596 1565 veroin
610 1499 688 1577 illis,
699 1499 823 1582 quibus
837 1502 986 1562 enatura
999 1496 1177 1577 denegatus
1192 1502 1253 1573 est,
1268 1498 1400 1578 gignere

294 1605 329 1667 et
341 1600 489 1666 excitare
504 1607 653 1685 possunt,
671 1602 743 1686 jum
765 1605 907 1666 exeunte
926 1597 1052 1665 saeculo
1066 1595 1239 1679 Augusteo
1253 1597 1399 1665 devere·

293 1699 362 1779 bat,
378 1706 411 1766 et
423 1701 544 1766 exinde
557 1703 663 1783 magis
676 1721 765 1766 vana
778 1700 962 1765 eruditione
983 1703 1084 1781 utque
1106 1696 1259 1763 Asiatico
1272 1706 1400 1764 tumore

294 1802 350 1885 pel
374 1803 556 1888 jejunitate,
580 1808 715 1869 emotus
741 1803 917 1867 verborum
942 1800 1175 1884 phrasiumque
1199 1800 1341 1883 aucupio
1366 1806 1401 1863 ct

295 1902 490 1981 variatione,
519 1904 630 1969 servili
658 1904 837 1969 imitatione
865 1902 1003 1967 aliorum
1031 1906 1065 1963 et
1091 1900 1212 1982 frigida
1239 1902 1400 1963 sermonis

295 2002 453 2080 ubertate,
476 2004 700 2068 transitionem
721 2002 921 2073 audaciaet
940 2002 1162 2066 inversionum
1182 2001 1311 2079 duritie,
1329 2000 1401 2064 dia·

296 2102 417 2167 lectico
432 2104 662 2168 sententiamm
678 2104 831 2169 acumine
840 2122 1012 2186 rerumque
1022 2101 1224 2167 obscuritate
1236 2107 1270 2167 et
1283 2102 1402 2185 ampli-

296 2202 462 2283 ficatione,
479 2206 774 2289 comparationum,
795 2204 985 2286 figurarum,
1005 2208 1236 2286 troporumque
1256 2204 1403 2269 multitu·

298 2302 373 2367 dine
386 2308 420 2369 et
433 2305 619 2384 insolentia,
635 2308 809 2370 verborum
822 2305 878 2369 vel
891 2304 1098 2387 antiquorum
1116 2302 1403 2390 obsoletorumque

297 2404 490 2483 sectatione,
513 2406 568 2471 rel
588 2406 772 2489 mulgarium
793 2404 954 2488 perplexa
977 2409 1149 2481 saumuro,
1172 2403 1403 2471 declamatorie

296 2504 456 2583 vanitate,
471 2512 505 2571 et
522 2506 663 2590 prolixis
679 2508 750 2572 sine
770 2526 874 2571 succo
887 2525 928 2571 ae
942 2505 1100 2588 sanguine
1110 2504 1401 2588 disputationibus,

298 2625 399 2690 quam
412 2612 537 2673 naturae
552 2608 763 2692 simplicitate
783 2627 825 2673 ac
844 2612 1030 2686 venustate,
1052 2607 1195 2688 genuino
1207 2608 1403 2677 urbanitatis

295 2708 510 2792 veritatisque
532 2711 653 2788 colore,
666 2711 757 2776 nullo
778 2712 857 2777 luco
877 2710 973 2787 illito,
993 2708 1113 2793 ingenii
1132 2710 1282 2773 ubertate
1302 2714 1402 2791 utque

297 2807 461 2893 elegantia
483 2811 627 2896 quadem
649 2812 847 2891 admirabili,
869 2810 1067 2876 inventionis
1094 2809 1333 2893 pulchritudine
1361 2826 1401 2871 ac

297 2912 455 2990 novitate,
475 2914 653 2997 imaginum
675 2915 811 2980 veritate
832 2918 867 2979 et
887 2914 1088 2998 proprietate
1111 2910 1338 2977 sententiarum
1360 2928 1403 2973 ae

297 3011 481 3091 verborum,
497 3016 678 3096 argumenti
700 3017 870 3099 exquisito
890 3013 1020 3080 delectu
1040 3017 1074 3076 et
1094 3014 1179 3077 scita
1200 3012 1403 3088 tractatione,

299 3116 379 3193 apta
392 3114 475 3175 serie
489 3120 522 3177 et
535 3113 751 3180 collocatione
773 3137 880 3180 rerum
900 3120 934 3178 ct
953 3114 1110 3179 orationis
1132 3112 1177 3174 ed
1198 3130 1257 3175 eas
1271 3121 1402 3178 accom-

299 3211 489 3277 modatione
516 3216 753 3280 continebatur.
798 3215 888 3280 Haec
915 3214 1058 3297 corrupti
1082 3214 1242 3277 sermonis
1261 3213 1404 3294 indoles,

299 3310 373 3377 boec
392 3318 559 3379 oratorum
581 3312 822 3401 poiitarumque
842 3315 961 3390 cretio,
981 3317 1200 3377 consentanea
1218 3317 1290 3375 erut
1306 3316 1405 3397 genio

298 3410 388 3477 illius
404 3414 481 3492 tevi,
497 3433 564 3496 quo
577 3414 727 3479 homiues
748 3416 784 3481 in
805 3415 877 3479 dies
897 3414 1048 3499 megisa
1067 3419 1185 3477 natura
1197 3412 1404 3494 recedebant,

300 3532 480 3599 eorumque
493 3517 623 3598 ingenia
634 3534 702 3581 nnn
722 3517 866 3602 amplius
887 3514 1252 3601 diligentiGroecorum
1263 3512 1405 3582 lectione

300 3616 335 3679 et
348 3618 506 3681 accurrate
518 3615 670 3684 humane
685 3623 812 3683 naturae
829 3636 1002 3702 rerumque
1017 3618 1206 3699 cognitione
1219 3616 1404 3693 elebantur,

300 3714 359 3779 sed
394 3719 681 3799 grammaticorum
715 3722 954 3804 rhetorumque,
983 3718 1178 3785 stolidorum
1211 3718 1406 3803 plerumque

300 3813 410 3881 inanis
435 3815 594 3885 doctrinre
624 3826 869 3901 ostenutorum,
898 3822 1098 3887 institutione
1129 3824 1351 3902 prepostero„
1368 3823 1407 3881 et

302 3915 439 3981 assidue
449 3916 659 3985 declamandi
668 3922 895 4006 recitandique
909 3920 1143 3998 consuetudine
1155 3918 1405 3985 romae-ntur

801 4084 910 4138 NO'l'AE

337 4193 353 4239 ⁸
370 4190 457 4265 Digna
474 4198 534 4244 runt
550 4206 607 4259 que
620 4195 745 4259 juvenum
757 4211 836 4248 censa
875 4198 884 4227 ‘
897 4196 966 4247 Num
978 4196 1028 4247 alio
1039 4208 1134 4263 genere
1145 4192 1269 4244 turiurum
1279 4178 1407 4259 declame-

304 4266 467 4317 srcribeatnr
484 4270 565 4320 rerba
580 4270 697 4322 Petronil
719 4272 773 4323 Set.
794 4287 835 4337 pr.
875 4268 1408 4337 rerumquetmtnr,quclsumt:1{se
