<?xml version="1.0" encoding="UTF-8"?>
<!DOCTYPE html PUBLIC "-//W3C//DTD XHTML 1.0 Transitional//EN"
    "http://www.w3.org/TR/xhtml1/DTD/xhtml1-transitional.dtd">
<html xmlns="http://www.w3.org/1999/xhtml" xml:lang="en" lang="en">
 <head>
  <title>
</title>
<meta http-equiv="Content-Type" content="text/html;charset=utf-8" />
  <meta name='ocr-system' content='tesseract 3.04.00' />
  <meta name='ocr-capabilities' content='ocr_page ocr_carea ocr_par ocr_line ocrx_word'/>
</head>
<body>
  <div class='ocr_page' id='page_1' title='image "./operaomnia00juvegoog_0026.png"; bbox 0 0 3184 4917; ppageno 0'>
   <div class='ocr_carea' id='block_1_1' title="bbox 285 398 944 480">
    <p class='ocr_par' dir='ltr' id='par_1_1' title="bbox 285 398 944 480">
     <span class='ocr_line' id='line_1_1' title="bbox 285 398 944 480; baseline -0.002 0"><span class='ocrx_word' id='word_1_1' title='bbox 285 412 330 480; x_wconf 78' lang='lat'><strong>12</strong></span> <span class='ocrx_word' id='word_1_2' title='bbox 734 398 944 480; x_wconf 79' lang='lat' dir='ltr'><strong>ranrnrlo.</strong></span> 
     </span>
    </p>
   </div>
   <div class='ocr_carea' id='block_1_2' title="bbox 283 580 1393 1275">
    <p class='ocr_par' dir='ltr' id='par_1_2' title="bbox 285 580 1393 970">
     <span class='ocr_line' id='line_1_2' title="bbox 285 580 1392 663; baseline 0.005 -20"><span class='ocrx_word' id='word_1_3' title='bbox 285 580 297 614; x_wconf 87' lang='lat'>‘</span> <span class='ocrx_word' id='word_1_4' title='bbox 305 582 438 643; x_wconf 75' lang='lat' dir='ltr'><strong>tantum</strong></span> <span class='ocrx_word' id='word_1_5' title='bbox 452 580 573 663; x_wconf 85' lang='lat' dir='ltr'><strong>legunt,</strong></span> <span class='ocrx_word' id='word_1_6' title='bbox 588 586 626 645; x_wconf 93' lang='lat' dir='ltr'><strong>ut</strong></span> <span class='ocrx_word' id='word_1_7' title='bbox 644 580 837 647; x_wconf 84' lang='lat' dir='ltr'><strong>emendentt</strong></span> <span class='ocrx_word' id='word_1_8' title='bbox 859 587 897 647; x_wconf 91' lang='lat' dir='ltr'><strong>nt</strong></span> <span class='ocrx_word' id='word_1_9' title='bbox 916 582 993 648; x_wconf 90' lang='lat' dir='ltr'><strong>illos</strong></span> <span class='ocrx_word' id='word_1_10' title='bbox 1008 582 1159 647; x_wconf 89' lang='lat' dir='ltr'><strong>meliores</strong></span> <span class='ocrx_word' id='word_1_11' title='bbox 1173 580 1311 661; x_wconf 86' lang='lat' dir='ltr'><strong>faciant,</strong></span> <span class='ocrx_word' id='word_1_12' title='bbox 1325 602 1392 648; x_wconf 92' lang='lat' dir='ltr'><strong>non</strong></span> 
     </span>
     <span class='ocr_line' id='line_1_3' title="bbox 285 681 1393 768; baseline 0.011 -26"><span class='ocrx_word' id='word_1_13' title='bbox 285 683 349 744; x_wconf 85' lang='lat' dir='ltr'><strong>‘ut</strong></span> <span class='ocrx_word' id='word_1_14' title='bbox 363 682 462 745; x_wconf 82' lang='lat' dir='ltr'><strong>seset</strong></span> <span class='ocrx_word' id='word_1_15' title='bbox 487 681 608 764; x_wconf 90' lang='lat' dir='ltr'><strong>Itaque</strong></span> <span class='ocrx_word' id='word_1_16' title='bbox 624 684 683 746; x_wconf 90' lang='lat' dir='ltr'><strong>toti</strong></span> <span class='ocrx_word' id='word_1_17' title='bbox 697 683 730 745; x_wconf 93' lang='lat' dir='ltr'><strong>in</strong></span> <span class='ocrx_word' id='word_1_18' title='bbox 741 685 871 748; x_wconf 84' lang='lat' dir='ltr'><strong>voculis</strong></span> <span class='ocrx_word' id='word_1_19' title='bbox 887 690 944 748; x_wconf 91' lang='lat' dir='ltr'><strong>aut</strong></span> <span class='ocrx_word' id='word_1_20' title='bbox 965 684 1103 768; x_wconf 87' lang='lat' dir='ltr'><strong>syllabis</strong></span> <span class='ocrx_word' id='word_1_21' title='bbox 1125 685 1252 767; x_wconf 85' lang='lat' dir='ltr'>aliquot</span> <span class='ocrx_word' id='word_1_22' title='bbox 1266 688 1393 754; x_wconf 83' lang='lat' dir='ltr'><strong>exami-</strong></span> 
     </span>
     <span class='ocr_line' id='line_1_4' title="bbox 285 782 1392 867; baseline 0.005 -22"><span class='ocrx_word' id='word_1_23' title='bbox 285 782 429 846; x_wconf 88' lang='lat' dir='ltr'><strong>‘nandis</strong></span> <span class='ocrx_word' id='word_1_24' title='bbox 445 792 543 865; x_wconf 82' lang='lat' dir='ltr'><strong>sunt3</strong></span> <span class='ocrx_word' id='word_1_25' title='bbox 566 789 599 848; x_wconf 93' lang='lat' dir='ltr'><strong>et</strong></span> <span class='ocrx_word' id='word_1_26' title='bbox 614 789 754 867; x_wconf 84' lang='lat' dir='ltr'><strong>segetem</strong></span> <span class='ocrx_word' id='word_1_27' title='bbox 770 786 862 849; x_wconf 91' lang='lat' dir='ltr'><strong>illam</strong></span> <span class='ocrx_word' id='word_1_28' title='bbox 878 789 1012 850; x_wconf 89' lang='lat' dir='ltr'><strong>uberem</strong></span> <span class='ocrx_word' id='word_1_29' title='bbox 1027 806 1134 850; x_wconf 88' lang='lat' dir='ltr'><strong>rerum</strong></span> <span class='ocrx_word' id='word_1_30' title='bbox 1147 788 1392 851; x_wconf 89' lang='lat' dir='ltr'><strong>sententiarum-</strong></span> 
     </span>
     <span class='ocr_line' id='line_1_5' title="bbox 285 886 1005 970; baseline 0.007 -24"><span class='ocrx_word' id='word_1_31' title='bbox 285 887 296 918; x_wconf 87' lang='lat'>‘</span> <span class='ocrx_word' id='word_1_32' title='bbox 311 903 376 967; x_wconf 89' lang='lat' dir='ltr'><strong>que</strong></span> <span class='ocrx_word' id='word_1_33' title='bbox 390 887 501 948; x_wconf 87' lang='lat' dir='ltr'>subter</span> <span class='ocrx_word' id='word_1_34' title='bbox 510 887 640 964; x_wconf 87' lang='lat' dir='ltr'><strong>habent,</strong></span> <span class='ocrx_word' id='word_1_35' title='bbox 655 886 761 970; x_wconf 87' lang='lat' dir='ltr'><strong>paleis</strong></span> <span class='ocrx_word' id='word_1_36' title='bbox 775 890 876 952; x_wconf 93' lang='lat' dir='ltr'><strong>modo</strong></span> <span class='ocrx_word' id='word_1_37' title='bbox 889 888 1005 951; x_wconf 68' lang='lat' dir='ltr'><strong>lectis!</strong></span> 
     </span>
    </p>

    <p class='ocr_par' dir='ltr' id='par_1_3' title="bbox 283 985 1393 1275">
     <span class='ocr_line' id='line_1_6' title="bbox 328 985 1393 1071; baseline 0.005 -20"><span class='ocrx_word' id='word_1_38' title='bbox 328 985 415 1064; x_wconf 82' lang='lat' dir='ltr'><strong>Quae</strong></span> <span class='ocrx_word' id='word_1_39' title='bbox 451 1008 525 1051; x_wconf 92' lang='lat' dir='ltr'><strong>cum</strong></span> <span class='ocrx_word' id='word_1_40' title='bbox 561 990 608 1053; x_wconf 89' lang='lat' dir='ltr'><strong>ita</strong></span> <span class='ocrx_word' id='word_1_41' title='bbox 641 990 720 1066; x_wconf 91' lang='lat' dir='ltr'><strong>sint,</strong></span> <span class='ocrx_word' id='word_1_42' title='bbox 758 1008 865 1054; x_wconf 91' lang='lat' dir='ltr'><strong>nonne</strong></span> <span class='ocrx_word' id='word_1_43' title='bbox 894 990 1133 1054; x_wconf 88' lang='lat' dir='ltr'><strong>consideratius</strong></span> <span class='ocrx_word' id='word_1_44' title='bbox 1161 992 1268 1071; x_wconf 84' lang='lat' dir='ltr'>egisse</span> <span class='ocrx_word' id='word_1_45' title='bbox 1300 990 1393 1056; x_wconf 83' lang='lat' dir='ltr'><strong>vide-</strong></span> 
     </span>
     <span class='ocr_line' id='line_1_7' title="bbox 283 1089 1392 1173; baseline 0.005 -22"><span class='ocrx_word' id='word_1_46' title='bbox 283 1106 344 1164; x_wconf 87' lang='lat' dir='ltr'><strong>rer,</strong></span> <span class='ocrx_word' id='word_1_47' title='bbox 369 1089 398 1151; x_wconf 89' lang='lat' dir='ltr'><strong>si</strong></span> <span class='ocrx_word' id='word_1_48' title='bbox 422 1090 587 1153; x_wconf 87' lang='lat' dir='ltr'><strong>variarum</strong></span> <span class='ocrx_word' id='word_1_49' title='bbox 611 1090 788 1154; x_wconf 90' lang='lat' dir='ltr'><strong>lectionmn</strong></span> <span class='ocrx_word' id='word_1_50' title='bbox 810 1092 956 1173; x_wconf 80' lang='lat' dir='ltr'><strong>aliquem</strong></span> <span class='ocrx_word' id='word_1_51' title='bbox 982 1091 1147 1156; x_wconf 92' lang='lat' dir='ltr'><strong>delectum</strong></span> <span class='ocrx_word' id='word_1_52' title='bbox 1167 1092 1332 1171; x_wconf 80' lang='lat' dir='ltr'><strong>fecissem,</strong></span> <span class='ocrx_word' id='word_1_53' title='bbox 1357 1098 1392 1157; x_wconf 88' lang='lat' dir='ltr'><strong>et</strong></span> 
     </span>
     <span class='ocr_line' id='line_1_8' title="bbox 283 1178 1392 1275; baseline 0.005 -23"><span class='ocrx_word' id='word_1_54' title='bbox 283 1178 331 1253; x_wconf 86' lang='lat' dir='ltr'><strong>ita</strong></span> <span class='ocrx_word' id='word_1_55' title='bbox 354 1208 519 1254; x_wconf 91' lang='lat' dir='ltr'><strong>summum</strong></span> <span class='ocrx_word' id='word_1_56' title='bbox 547 1191 710 1255; x_wconf 77' lang='lat' dir='ltr'><strong>levassem</strong></span> <span class='ocrx_word' id='word_1_57' title='bbox 746 1192 896 1269; x_wconf 84' lang='lat' dir='ltr'><strong>taedium,</strong></span> <span class='ocrx_word' id='word_1_58' title='bbox 925 1194 1014 1275; x_wconf 89' lang='lat' dir='ltr'><strong>quod</strong></span> <span class='ocrx_word' id='word_1_59' title='bbox 1041 1194 1076 1256; x_wconf 92' lang='lat' dir='ltr'><strong>in</strong></span> <span class='ocrx_word' id='word_1_60' title='bbox 1103 1192 1146 1255; x_wconf 91' lang='lat' dir='ltr'><strong>iis</strong></span> <span class='ocrx_word' id='word_1_61' title='bbox 1173 1191 1392 1275; x_wconf 84' lang='lat' dir='ltr'><strong>excerpendis</strong></span> 
     </span>
    </p>
   </div>
   <div class='ocr_carea' id='block_1_3' title="bbox 280 1291 1476 4329">
    <p class='ocr_par' dir='ltr' id='par_1_4' title="bbox 280 1291 1476 4329">
     <span class='ocr_line' id='line_1_9' title="bbox 283 1291 1392 1377; baseline 0.005 -23"><span class='ocrx_word' id='word_1_62' title='bbox 283 1291 363 1355; x_wconf 89' lang='lat' dir='ltr'><strong>mihi</strong></span> <span class='ocrx_word' id='word_1_63' title='bbox 387 1292 613 1356; x_wconf 88' lang='lat' dir='ltr'><strong>devorandum</strong></span> <span class='ocrx_word' id='word_1_64' title='bbox 642 1291 730 1357; x_wconf 80' lang='lat' dir='ltr'><strong>fuiti</strong></span> <span class='ocrx_word' id='word_1_65' title='bbox 770 1292 813 1356; x_wconf 95' lang='lat' dir='ltr'><strong>Id</strong></span> <span class='ocrx_word' id='word_1_66' title='bbox 841 1314 976 1377; x_wconf 92' lang='lat' dir='ltr'><strong>quoque</strong></span> <span class='ocrx_word' id='word_1_67' title='bbox 1004 1294 1085 1357; x_wconf 92' lang='lat' dir='ltr'><strong>mihi</strong></span> <span class='ocrx_word' id='word_1_68' title='bbox 1114 1295 1157 1358; x_wconf 94' lang='lat' dir='ltr'><strong>ab</strong></span> <span class='ocrx_word' id='word_1_69' title='bbox 1186 1296 1280 1359; x_wconf 91' lang='lat' dir='ltr'><strong>initio</strong></span> <span class='ocrx_word' id='word_1_70' title='bbox 1314 1315 1392 1377; x_wconf 91' lang='lat' dir='ltr'><strong>pro-</strong></span> 
     </span>
     <span class='ocr_line' id='line_1_10' title="bbox 282 1393 1389 1475; baseline 0.005 -20"><span class='ocrx_word' id='word_1_71' title='bbox 282 1393 425 1475; x_wconf 91' lang='lat' dir='ltr'><strong>positum</strong></span> <span class='ocrx_word' id='word_1_72' title='bbox 448 1394 552 1458; x_wconf 87' lang='lat' dir='ltr'><strong>fuisse</strong></span> <span class='ocrx_word' id='word_1_73' title='bbox 576 1400 610 1458; x_wconf 90' lang='lat' dir='ltr'><strong>et</strong></span> <span class='ocrx_word' id='word_1_74' title='bbox 633 1396 849 1460; x_wconf 90' lang='lat' dir='ltr'><strong>constitutum</strong></span> <span class='ocrx_word' id='word_1_75' title='bbox 872 1395 960 1459; x_wconf 92' lang='lat' dir='ltr'><strong>haud</strong></span> <span class='ocrx_word' id='word_1_76' title='bbox 983 1396 1132 1461; x_wconf 90' lang='lat' dir='ltr'><strong>diffiteor.</strong></span> <span class='ocrx_word' id='word_1_77' title='bbox 1178 1396 1245 1460; x_wconf 89' lang='lat' dir='ltr'><strong>Sed</strong></span> <span class='ocrx_word' id='word_1_78' title='bbox 1269 1397 1389 1467; x_wconf 84' lang='lat' dir='ltr'><strong>multas</strong></span> 
     </span>
     <span class='ocr_line' id='line_1_11' title="bbox 284 1494 1390 1581; baseline 0.002 -24"><span class='ocrx_word' id='word_1_79' title='bbox 284 1494 412 1557; x_wconf 87' lang='lat' dir='ltr'><strong>consilii</strong></span> <span class='ocrx_word' id='word_1_80' title='bbox 437 1496 586 1560; x_wconf 85' lang='lat' dir='ltr'><strong>mutandi</strong></span> <span class='ocrx_word' id='word_1_81' title='bbox 609 1498 750 1561; x_wconf 85' lang='lat' dir='ltr'><strong>rationes</strong></span> <span class='ocrx_word' id='word_1_82' title='bbox 771 1497 885 1575; x_wconf 91' lang='lat' dir='ltr'><strong>habui,</strong></span> <span class='ocrx_word' id='word_1_83' title='bbox 912 1519 1000 1581; x_wconf 88' lang='lat' dir='ltr'><strong>quae,</strong></span> <span class='ocrx_word' id='word_1_84' title='bbox 1026 1500 1140 1562; x_wconf 89' lang='lat' dir='ltr'><strong>sinon</strong></span> <span class='ocrx_word' id='word_1_85' title='bbox 1164 1497 1330 1562; x_wconf 89' lang='lat' dir='ltr'><strong>sufficiunt</strong></span> <span class='ocrx_word' id='word_1_86' title='bbox 1347 1496 1390 1561; x_wconf 88' lang='lat' dir='ltr'><strong>ad</strong></span> 
     </span>
     <span class='ocr_line' id='line_1_12' title="bbox 284 1598 1392 1683; baseline 0.004 -24"><span class='ocrx_word' id='word_1_87' title='bbox 284 1614 421 1661; x_wconf 87' lang='lat' dir='ltr'><strong>causam</strong></span> <span class='ocrx_word' id='word_1_88' title='bbox 442 1618 549 1661; x_wconf 85' lang='lat' dir='ltr'><strong>meam</strong></span> <span class='ocrx_word' id='word_1_89' title='bbox 573 1598 826 1677; x_wconf 84' lang='lat' dir='ltr'><strong>defendendam,</strong></span> <span class='ocrx_word' id='word_1_90' title='bbox 849 1601 957 1661; x_wconf 87' lang='lat' dir='ltr'><strong>veniae</strong></span> <span class='ocrx_word' id='word_1_91' title='bbox 978 1607 1090 1662; x_wconf 88' lang='lat' dir='ltr'><strong>tamen</strong></span> <span class='ocrx_word' id='word_1_92' title='bbox 1113 1620 1216 1683; x_wconf 81' lang='lat' dir='ltr'><strong>spem,</strong></span> <span class='ocrx_word' id='word_1_93' title='bbox 1243 1602 1392 1683; x_wconf 88' lang='lat' dir='ltr'><strong>aliquam</strong></span> 
     </span>
     <span class='ocr_line' id='line_1_13' title="bbox 285 1699 1392 1783; baseline 0.004 -22"><span class='ocrx_word' id='word_1_94' title='bbox 285 1702 385 1775; x_wconf 85' lang='lat' dir='ltr'><strong>certe,</strong></span> <span class='ocrx_word' id='word_1_95' title='bbox 410 1700 490 1762; x_wconf 92' lang='lat' dir='ltr'><strong>mihi</strong></span> <span class='ocrx_word' id='word_1_96' title='bbox 513 1701 697 1763; x_wconf 78' lang='lat' dir='ltr'><strong>ostendunt.</strong></span> <span class='ocrx_word' id='word_1_97' title='bbox 744 1700 835 1764; x_wconf 86' lang='lat' dir='ltr'><strong>Nam</strong></span> <span class='ocrx_word' id='word_1_98' title='bbox 862 1701 1015 1783; x_wconf 86' lang='lat' dir='ltr'><strong>primum,</strong></span> <span class='ocrx_word' id='word_1_99' title='bbox 1041 1699 1202 1782; x_wconf 88' lang='lat' dir='ltr'><strong>ejusmodi</strong></span> <span class='ocrx_word' id='word_1_100' title='bbox 1228 1699 1392 1765; x_wconf 91' lang='lat' dir='ltr'><strong>delectum</strong></span> 
     </span>
     <span class='ocr_line' id='line_1_14' title="bbox 284 1799 1391 1883; baseline 0.004 -20"><span class='ocrx_word' id='word_1_101' title='bbox 284 1818 362 1863; x_wconf 87' lang='lat' dir='ltr'><strong>cum</strong></span> <span class='ocrx_word' id='word_1_102' title='bbox 380 1799 510 1883; x_wconf 89' lang='lat' dir='ltr'><strong>judicio</strong></span> <span class='ocrx_word' id='word_1_103' title='bbox 525 1800 640 1864; x_wconf 89' lang='lat' dir='ltr'><strong>subtili</strong></span> <span class='ocrx_word' id='word_1_104' title='bbox 655 1801 809 1865; x_wconf 87' lang='lat' dir='ltr'><strong>adhibere</strong></span> <span class='ocrx_word' id='word_1_105' title='bbox 822 1804 956 1866; x_wconf 90' lang='lat' dir='ltr'><strong>omnino</strong></span> <span class='ocrx_word' id='word_1_106' title='bbox 971 1801 1216 1881; x_wconf 67' lang='lat' dir='ltr'><strong>difficillimum</strong></span> <span class='ocrx_word' id='word_1_107' title='bbox 1231 1807 1265 1865; x_wconf 92' lang='lat' dir='ltr'><strong>et</strong></span> <span class='ocrx_word' id='word_1_108' title='bbox 1287 1803 1391 1867; x_wconf 95' lang='lat' dir='ltr'><strong>multo</strong></span> 
     </span>
     <span class='ocr_line' id='line_1_15' title="bbox 282 1900 1476 1987; baseline 0.005 -23"><span class='ocrx_word' id='word_1_109' title='bbox 282 1900 416 1965; x_wconf 80' lang='lat' dir='ltr'><strong>facilius</strong></span> <span class='ocrx_word' id='word_1_110' title='bbox 431 1906 490 1979; x_wconf 89' lang='lat' dir='ltr'><strong>est,</strong></span> <span class='ocrx_word' id='word_1_111' title='bbox 508 1906 545 1965; x_wconf 94' lang='lat' dir='ltr'><strong>ut</strong></span> <span class='ocrx_word' id='word_1_112' title='bbox 560 1901 594 1963; x_wconf 91' lang='lat' dir='ltr'><strong>in</strong></span> <span class='ocrx_word' id='word_1_113' title='bbox 609 1901 777 1985; x_wconf 88' lang='lat' dir='ltr'><strong>plerisque</strong></span> <span class='ocrx_word' id='word_1_114' title='bbox 791 1902 901 1979; x_wconf 89' lang='lat' dir='ltr'><strong>rebus,</strong></span> <span class='ocrx_word' id='word_1_115' title='bbox 925 1904 975 1967; x_wconf 85' lang='lat' dir='ltr'><strong>ita</strong></span> <span class='ocrx_word' id='word_1_116' title='bbox 988 1907 1021 1966; x_wconf 91' lang='lat' dir='ltr'><strong>et</strong></span> <span class='ocrx_word' id='word_1_117' title='bbox 1034 1902 1069 1964; x_wconf 92' lang='lat' dir='ltr'><strong>iu</strong></span> <span class='ocrx_word' id='word_1_118' title='bbox 1089 1902 1165 1979; x_wconf 91' lang='lat' dir='ltr'><strong>hac,</strong></span> <span class='ocrx_word' id='word_1_119' title='bbox 1191 1904 1287 1967; x_wconf 91' lang='lat' dir='ltr'><strong>utiles</strong></span> <span class='ocrx_word' id='word_1_120' title='bbox 1300 1925 1393 1987; x_wconf 88' lang='lat' dir='ltr'><strong>egre·</strong></span> <span class='ocrx_word' id='word_1_121' title='bbox 1470 1963 1476 1974; x_wconf 75' lang='grc'><strong>,</strong></span> 
     </span>
     <span class='ocr_line' id='line_1_16' title="bbox 283 2001 1388 2088; baseline 0.007 -24"><span class='ocrx_word' id='word_1_122' title='bbox 283 2002 423 2084; x_wconf 85' lang='lat' dir='ltr'><strong>glasque</strong></span> <span class='ocrx_word' id='word_1_123' title='bbox 447 2002 535 2082; x_wconf 89' lang='lat' dir='ltr'><strong>leges</strong></span> <span class='ocrx_word' id='word_1_124' title='bbox 558 2001 651 2080; x_wconf 81' lang='lat' dir='ltr'><strong>ferre,</strong></span> <span class='ocrx_word' id='word_1_125' title='bbox 676 2024 777 2088; x_wconf 92' lang='lat' dir='ltr'><strong>quam</strong></span> <span class='ocrx_word' id='word_1_126' title='bbox 801 2024 934 2070; x_wconf 85' lang='lat' dir='ltr'><strong>servare</strong></span> <span class='ocrx_word' id='word_1_127' title='bbox 957 2011 991 2070; x_wconf 92' lang='lat' dir='ltr'><strong>et</strong></span> <span class='ocrx_word' id='word_1_128' title='bbox 1016 2004 1059 2068; x_wconf 88' lang='lat' dir='ltr'><strong>ad</strong></span> <span class='ocrx_word' id='word_1_129' title='bbox 1083 2024 1179 2068; x_wconf 90' lang='lat' dir='ltr'><strong>usum</strong></span> <span class='ocrx_word' id='word_1_130' title='bbox 1204 2006 1388 2072; x_wconf 83' lang='lat' dir='ltr'><strong>transferre.</strong></span> 
     </span>
     <span class='ocr_line' id='line_1_17' title="bbox 284 2102 1391 2189; baseline 0.006 -22"><span class='ocrx_word' id='word_1_131' title='bbox 284 2102 426 2179; x_wconf 88' lang='lat' dir='ltr'><strong>Deinde,</strong></span> <span class='ocrx_word' id='word_1_132' title='bbox 451 2104 539 2186; x_wconf 93' lang='lat' dir='ltr'><strong>quod</strong></span> <span class='ocrx_word' id='word_1_133' title='bbox 559 2106 630 2189; x_wconf 86' lang='lat' dir='ltr'><strong>jam</strong></span> <span class='ocrx_word' id='word_1_134' title='bbox 645 2124 749 2189; x_wconf 89' lang='lat' dir='ltr'><strong>supra</strong></span> <span class='ocrx_word' id='word_1_135' title='bbox 772 2106 944 2189; x_wconf 83' lang='lat' dir='ltr'><strong>professus</strong></span> <span class='ocrx_word' id='word_1_136' title='bbox 959 2126 1042 2183; x_wconf 87' lang='lat' dir='ltr'><strong>sum,</strong></span> <span class='ocrx_word' id='word_1_137' title='bbox 1068 2107 1101 2169; x_wconf 93' lang='lat' dir='ltr'><strong>id</strong></span> <span class='ocrx_word' id='word_1_138' title='bbox 1125 2126 1238 2171; x_wconf 89' lang='lat' dir='ltr'><strong>curare</strong></span> <span class='ocrx_word' id='word_1_139' title='bbox 1253 2114 1287 2172; x_wconf 90' lang='lat' dir='ltr'><strong>et</strong></span> <span class='ocrx_word' id='word_1_140' title='bbox 1300 2110 1391 2175; x_wconf 86' lang='lat' dir='ltr'><strong>volui</strong></span> 
     </span>
     <span class='ocr_line' id='line_1_18' title="bbox 283 2204 1391 2293; baseline 0.005 -23"><span class='ocrx_word' id='word_1_141' title='bbox 283 2208 317 2270; x_wconf 90' lang='lat' dir='ltr'><strong>et</strong></span> <span class='ocrx_word' id='word_1_142' title='bbox 337 2204 449 2283; x_wconf 91' lang='lat' dir='ltr'><strong>debui,</strong></span> <span class='ocrx_word' id='word_1_143' title='bbox 473 2212 520 2285; x_wconf 91' lang='lat' dir='ltr'><strong>ut,</strong></span> <span class='ocrx_word' id='word_1_144' title='bbox 541 2208 600 2290; x_wconf 90' lang='lat' dir='ltr'><strong>qui</strong></span> <span class='ocrx_word' id='word_1_145' title='bbox 620 2208 705 2272; x_wconf 91' lang='lat' dir='ltr'><strong>hanc</strong></span> <span class='ocrx_word' id='word_1_146' title='bbox 722 2208 786 2274; x_wconf 91' lang='lat' dir='ltr'><strong>sibi</strong></span> <span class='ocrx_word' id='word_1_147' title='bbox 801 2217 933 2292; x_wconf 90' lang='lat' dir='ltr'><strong>pararet</strong></span> <span class='ocrx_word' id='word_1_148' title='bbox 947 2208 1136 2287; x_wconf 88' lang='lat' dir='ltr'><strong>editionem,</strong></span> <span class='ocrx_word' id='word_1_149' title='bbox 1168 2211 1303 2293; x_wconf 91' lang='lat' dir='ltr'><strong>reliquis</strong></span> <span class='ocrx_word' id='word_1_150' title='bbox 1318 2231 1391 2275; x_wconf 91' lang='lat' dir='ltr'><strong>om-</strong></span> 
     </span>
     <span class='ocr_line' id='line_1_19' title="bbox 283 2310 1389 2394; baseline 0.004 -21"><span class='ocrx_word' id='word_1_151' title='bbox 283 2310 381 2373; x_wconf 88' lang='lat' dir='ltr'><strong>nibus</strong></span> <span class='ocrx_word' id='word_1_152' title='bbox 395 2326 508 2372; x_wconf 89' lang='lat' dir='ltr'><strong>carere</strong></span> <span class='ocrx_word' id='word_1_153' title='bbox 521 2315 647 2393; x_wconf 92' lang='lat' dir='ltr'><strong>posset.</strong></span> <span class='ocrx_word' id='word_1_154' title='bbox 680 2310 767 2374; x_wconf 86' lang='lat' dir='ltr'><strong>Tum</strong></span> <span class='ocrx_word' id='word_1_155' title='bbox 781 2330 951 2387; x_wconf 83' lang='lat' dir='ltr'><strong>noveram,</strong></span> <span class='ocrx_word' id='word_1_156' title='bbox 966 2330 1032 2373; x_wconf 91' lang='lat' dir='ltr'><strong>non</strong></span> <span class='ocrx_word' id='word_1_157' title='bbox 1046 2311 1174 2389; x_wconf 87' lang='lat' dir='ltr'><strong>deesse,</strong></span> <span class='ocrx_word' id='word_1_158' title='bbox 1190 2314 1248 2394; x_wconf 91' lang='lat' dir='ltr'><strong>qui</strong></span> <span class='ocrx_word' id='word_1_159' title='bbox 1259 2330 1389 2377; x_wconf 91' lang='lat' dir='ltr'><strong>omnem</strong></span> 
     </span>
     <span class='ocr_line' id='line_1_20' title="bbox 282 2410 1390 2494; baseline 0.005 -20"><span class='ocrx_word' id='word_1_160' title='bbox 282 2410 434 2475; x_wconf 88' lang='lat' dir='ltr'><strong>lectionis</strong></span> <span class='ocrx_word' id='word_1_161' title='bbox 449 2412 639 2475; x_wconf 86' lang='lat' dir='ltr'><strong>varietatem</strong></span> <span class='ocrx_word' id='word_1_162' title='bbox 654 2412 896 2477; x_wconf 84' lang='lat' dir='ltr'><strong>desiderarent:</strong></span> <span class='ocrx_word' id='word_1_163' title='bbox 912 2432 1013 2494; x_wconf 90' lang='lat' dir='ltr'><strong>quam</strong></span> <span class='ocrx_word' id='word_1_164' title='bbox 1028 2411 1179 2494; x_wconf 84' lang='lat' dir='ltr'><strong>plurimis</strong></span> <span class='ocrx_word' id='word_1_165' title='bbox 1193 2417 1302 2476; x_wconf 90' lang='lat' dir='ltr'><strong>autem</strong></span> <span class='ocrx_word' id='word_1_166' title='bbox 1318 2415 1390 2479; x_wconf 85' lang='lat' dir='ltr'><strong>sive</strong></span> 
     </span>
     <span class='ocr_line' id='line_1_21' title="bbox 282 2512 1390 2597; baseline 0.003 -20"><span class='ocrx_word' id='word_1_167' title='bbox 282 2512 442 2595; x_wconf 87' lang='lat' dir='ltr'><strong>prodesse</strong></span> <span class='ocrx_word' id='word_1_168' title='bbox 458 2513 645 2597; x_wconf 88' lang='lat' dir='ltr'><strong>cupiebam,</strong></span> <span class='ocrx_word' id='word_1_169' title='bbox 674 2515 745 2577; x_wconf 83' lang='lat' dir='ltr'><strong>sive</strong></span> <span class='ocrx_word' id='word_1_170' title='bbox 761 2518 890 2595; x_wconf 83' lang='lat' dir='ltr'><strong>gratum</strong></span> <span class='ocrx_word' id='word_1_171' title='bbox 905 2513 1024 2588; x_wconf 87' lang='lat' dir='ltr'><strong>facere,</strong></span> <span class='ocrx_word' id='word_1_172' title='bbox 1050 2518 1083 2575; x_wconf 90' lang='lat' dir='ltr'><strong>et</strong></span> <span class='ocrx_word' id='word_1_173' title='bbox 1096 2531 1160 2575; x_wconf 91' lang='lat' dir='ltr'><strong>non</strong></span> <span class='ocrx_word' id='word_1_174' title='bbox 1175 2512 1390 2580; x_wconf 89' lang='lat' dir='ltr'><strong>adolescenti-</strong></span> 
     </span>
     <span class='ocr_line' id='line_1_22' title="bbox 282 2612 1390 2697; baseline 0.005 -21"><span class='ocrx_word' id='word_1_175' title='bbox 282 2614 346 2677; x_wconf 87' lang='lat' dir='ltr'><strong>bus</strong></span> <span class='ocrx_word' id='word_1_176' title='bbox 362 2619 499 2692; x_wconf 84' lang='lat' dir='ltr'><strong>tantum,</strong></span> <span class='ocrx_word' id='word_1_177' title='bbox 524 2612 582 2678; x_wconf 91' lang='lat' dir='ltr'><strong>sed</strong></span> <span class='ocrx_word' id='word_1_178' title='bbox 597 2634 709 2677; x_wconf 88' lang='lat' dir='ltr'><strong>eorum</strong></span> <span class='ocrx_word' id='word_1_179' title='bbox 732 2615 834 2677; x_wconf 88' lang='lat' dir='ltr'><strong>etiam</strong></span> <span class='ocrx_word' id='word_1_180' title='bbox 856 2615 1034 2697; x_wconf 82' lang='lat' dir='ltr'><strong>magistris,</strong></span> <span class='ocrx_word' id='word_1_181' title='bbox 1058 2620 1116 2678; x_wconf 90' lang='lat' dir='ltr'><strong>aut</strong></span> <span class='ocrx_word' id='word_1_182' title='bbox 1130 2616 1262 2680; x_wconf 89' lang='lat' dir='ltr'><strong>omnino</strong></span> <span class='ocrx_word' id='word_1_183' title='bbox 1282 2617 1390 2682; x_wconf 88' lang='lat' dir='ltr'><strong>erudi·</strong></span> 
     </span>
     <span class='ocr_line' id='line_1_23' title="bbox 283 2714 1391 2800; baseline 0.004 -21"><span class='ocrx_word' id='word_1_184' title='bbox 283 2715 421 2779; x_wconf 90' lang='lat' dir='ltr'><strong>tioribus</strong></span> <span class='ocrx_word' id='word_1_185' title='bbox 436 2715 630 2799; x_wconf 87' lang='lat' dir='ltr'><strong>longiusque</strong></span> <span class='ocrx_word' id='word_1_186' title='bbox 657 2716 692 2778; x_wconf 93' lang='lat' dir='ltr'><strong>in</strong></span> <span class='ocrx_word' id='word_1_187' title='bbox 717 2714 771 2778; x_wconf 90' lang='lat' dir='ltr'><strong>his</strong></span> <span class='ocrx_word' id='word_1_188' title='bbox 796 2715 899 2780; x_wconf 90' lang='lat' dir='ltr'><strong>literis</strong></span> <span class='ocrx_word' id='word_1_189' title='bbox 923 2716 1101 2800; x_wconf 75' lang='lat' dir='ltr'><strong>provectis,</strong></span> <span class='ocrx_word' id='word_1_190' title='bbox 1126 2736 1262 2800; x_wconf 90' lang='lat' dir='ltr'><strong>operam</strong></span> <span class='ocrx_word' id='word_1_191' title='bbox 1281 2738 1391 2783; x_wconf 90' lang='lat' dir='ltr'><strong>meam</strong></span> 
     </span>
     <span class='ocr_line' id='line_1_24' title="bbox 283 2816 1389 2903; baseline 0.003 -22"><span class='ocrx_word' id='word_1_192' title='bbox 283 2816 553 2901; x_wconf 82' lang='lat' dir='ltr'><strong>diligentiamque</strong></span> <span class='ocrx_word' id='word_1_193' title='bbox 576 2817 736 2901; x_wconf 85' lang='lat' dir='ltr'><strong>probare;</strong></span> <span class='ocrx_word' id='word_1_194' title='bbox 760 2838 828 2903; x_wconf 84' lang='lat' dir='ltr'><strong>qua</strong></span> <span class='ocrx_word' id='word_1_195' title='bbox 851 2817 946 2884; x_wconf 88' lang='lat' dir='ltr'><strong>effeci</strong></span> <span class='ocrx_word' id='word_1_196' title='bbox 969 2820 1087 2884; x_wconf 87' lang='lat' dir='ltr'><strong>saltem</strong></span> <span class='ocrx_word' id='word_1_197' title='bbox 1112 2818 1190 2897; x_wconf 93' lang='lat' dir='ltr'><strong>hoc,</strong></span> <span class='ocrx_word' id='word_1_198' title='bbox 1211 2824 1249 2883; x_wconf 92' lang='lat' dir='ltr'><strong>ut</strong></span> <span class='ocrx_word' id='word_1_199' title='bbox 1274 2822 1389 2901; x_wconf 87' lang='lat' dir='ltr'><strong>quales</strong></span> 
     </span>
     <span class='ocr_line' id='line_1_25' title="bbox 284 2914 1390 3006; baseline 0.005 -25"><span class='ocrx_word' id='word_1_200' title='bbox 284 2914 351 2982; x_wconf 91' lang='lat' dir='ltr'><strong>sint</strong></span> <span class='ocrx_word' id='word_1_201' title='bbox 365 2919 451 2997; x_wconf 88' lang='lat' dir='ltr'><strong>libri,</strong></span> <span class='ocrx_word' id='word_1_202' title='bbox 472 2938 609 3005; x_wconf 87' lang='lat' dir='ltr'><strong>quorum</strong></span> <span class='ocrx_word' id='word_1_203' title='bbox 624 2920 704 2985; x_wconf 92' lang='lat' dir='ltr'><strong>mihi</strong></span> <span class='ocrx_word' id='word_1_204' title='bbox 720 2919 865 2987; x_wconf 85' lang='lat' dir='ltr'><strong>facultas</strong></span> <span class='ocrx_word' id='word_1_205' title='bbox 879 2922 988 3001; x_wconf 86' lang='lat' dir='ltr'><strong>fuerit,</strong></span> <span class='ocrx_word' id='word_1_206' title='bbox 1011 2923 1111 3005; x_wconf 89' lang='lat' dir='ltr'><strong>plane</strong></span> <span class='ocrx_word' id='word_1_207' title='bbox 1124 2922 1285 3006; x_wconf 88' lang='lat' dir='ltr'><strong>perspici,</strong></span> <span class='ocrx_word' id='word_1_208' title='bbox 1300 2926 1344 3001; x_wconf 91' lang='lat' dir='ltr'><strong>et,</strong></span> <span class='ocrx_word' id='word_1_209' title='bbox 1360 2922 1390 2986; x_wconf 91' lang='lat' dir='ltr'><strong>si</strong></span> 
     </span>
     <span class='ocr_line' id='line_1_26' title="bbox 283 3020 1389 3104; baseline 0.005 -20"><span class='ocrx_word' id='word_1_210' title='bbox 283 3022 358 3103; x_wconf 88' lang='lat' dir='ltr'><strong>quis</strong></span> <span class='ocrx_word' id='word_1_211' title='bbox 373 3026 450 3104; x_wconf 88' lang='lat' dir='ltr'><strong>post</strong></span> <span class='ocrx_word' id='word_1_212' title='bbox 461 3041 514 3085; x_wconf 89' lang='lat' dir='ltr'><strong>me</strong></span> <span class='ocrx_word' id='word_1_213' title='bbox 527 3020 550 3085; x_wconf 87' lang='lat' dir='ltr'><strong>J</strong></span> <span class='ocrx_word' id='word_1_214' title='bbox 553 3024 727 3087; x_wconf 87' lang='lat' dir='ltr'><strong>uvenalem</strong></span> <span class='ocrx_word' id='word_1_215' title='bbox 741 3024 847 3090; x_wconf 92' lang='lat' dir='ltr'><strong>denuo</strong></span> <span class='ocrx_word' id='word_1_216' title='bbox 864 3044 1032 3090; x_wconf 89' lang='lat' dir='ltr'><strong>recensere</strong></span> <span class='ocrx_word' id='word_1_217' title='bbox 1046 3025 1136 3099; x_wconf 89' lang='lat' dir='ltr'><strong>velit,</strong></span> <span class='ocrx_word' id='word_1_218' title='bbox 1148 3024 1261 3086; x_wconf 90' lang='lat' dir='ltr'><strong>labore</strong></span> <span class='ocrx_word' id='word_1_219' title='bbox 1276 3044 1389 3090; x_wconf 88' lang='lat' dir='ltr'><strong>eorum</strong></span> 
     </span>
     <span class='ocr_line' id='line_1_27' title="bbox 283 3121 1387 3207; baseline 0.005 -22"><span class='ocrx_word' id='word_1_220' title='bbox 283 3121 551 3188; x_wconf 79' lang='lat' dir='ltr'><strong>eonferendorum</strong></span> <span class='ocrx_word' id='word_1_221' title='bbox 567 3123 781 3207; x_wconf 88' lang='lat' dir='ltr'><strong>supersedere</strong></span> <span class='ocrx_word' id='word_1_222' title='bbox 799 3127 919 3207; x_wconf 89' lang='lat' dir='ltr'><strong>possit.</strong></span> <span class='ocrx_word' id='word_1_223' title='bbox 965 3122 1057 3200; x_wconf 87' lang='lat' dir='ltr'><strong>Quin</strong></span> <span class='ocrx_word' id='word_1_224' title='bbox 1067 3122 1229 3205; x_wconf 84' lang='lat' dir='ltr'><strong>juvenum</strong></span> <span class='ocrx_word' id='word_1_225' title='bbox 1243 3143 1387 3206; x_wconf 93' lang='lat' dir='ltr'><strong>quoque,</strong></span> 
     </span>
     <span class='ocr_line' id='line_1_28' title="bbox 283 3218 1388 3309; baseline 0.003 -22"><span class='ocrx_word' id='word_1_226' title='bbox 283 3225 340 3308; x_wconf 90' lang='lat' dir='ltr'><strong>qui</strong></span> <span class='ocrx_word' id='word_1_227' title='bbox 360 3224 432 3308; x_wconf 87' lang='lat' dir='ltr'><strong>jam</strong></span> <span class='ocrx_word' id='word_1_228' title='bbox 453 3218 657 3308; x_wconf 86' lang='lat' dir='ltr'><strong>aliquantum</strong></span> <span class='ocrx_word' id='word_1_229' title='bbox 682 3226 898 3309; x_wconf 82' lang='lat' dir='ltr'><strong>profecissent</strong></span> <span class='ocrx_word' id='word_1_230' title='bbox 919 3226 953 3289; x_wconf 93' lang='lat' dir='ltr'><strong>in</strong></span> <span class='ocrx_word' id='word_1_231' title='bbox 976 3224 1093 3300; x_wconf 90' lang='lat' dir='ltr'><strong>literis,</strong></span> <span class='ocrx_word' id='word_1_232' title='bbox 1122 3228 1155 3287; x_wconf 91' lang='lat' dir='ltr'><strong>et</strong></span> <span class='ocrx_word' id='word_1_233' title='bbox 1177 3223 1221 3287; x_wconf 88' lang='lat' dir='ltr'><strong>ad</strong></span> <span class='ocrx_word' id='word_1_234' title='bbox 1241 3226 1388 3290; x_wconf 87' lang='lat' dir='ltr'><strong>animum</strong></span> 
     </span>
     <span class='ocr_line' id='line_1_29' title="bbox 282 3323 1389 3410; baseline 0.004 -22"><span class='ocrx_word' id='word_1_235' title='bbox 282 3325 393 3409; x_wconf 89' lang='lat' dir='ltr'><strong>potius</strong></span> <span class='ocrx_word' id='word_1_236' title='bbox 415 3327 616 3409; x_wconf 90' lang='lat' dir='ltr'><strong>poliendum,</strong></span> <span class='ocrx_word' id='word_1_237' title='bbox 641 3346 740 3410; x_wconf 91' lang='lat' dir='ltr'><strong>quam</strong></span> <span class='ocrx_word' id='word_1_238' title='bbox 757 3325 801 3389; x_wconf 86' lang='lat' dir='ltr'><strong>ad</strong></span> <span class='ocrx_word' id='word_1_239' title='bbox 816 3326 942 3391; x_wconf 90' lang='lat' dir='ltr'><strong>victum</strong></span> <span class='ocrx_word' id='word_1_240' title='bbox 962 3323 1188 3406; x_wconf 86' lang='lat' dir='ltr'><strong>quaerendum,</strong></span> <span class='ocrx_word' id='word_1_241' title='bbox 1215 3326 1327 3390; x_wconf 92' lang='lat' dir='ltr'><strong>studia</strong></span> <span class='ocrx_word' id='word_1_242' title='bbox 1338 3348 1389 3392; x_wconf 87' lang='lat' dir='ltr'><strong>re·</strong></span> 
     </span>
     <span class='ocr_line' id='line_1_30' title="bbox 282 3422 1390 3511; baseline 0.003 -19"><span class='ocrx_word' id='word_1_243' title='bbox 282 3428 412 3501; x_wconf 83' lang='lat' dir='ltr'><strong>ferrent,</strong></span> <span class='ocrx_word' id='word_1_244' title='bbox 436 3431 547 3511; x_wconf 86' lang='lat' dir='ltr'><strong>magni</strong></span> <span class='ocrx_word' id='word_1_245' title='bbox 569 3429 727 3492; x_wconf 90' lang='lat' dir='ltr'><strong>interesse</strong></span> <span class='ocrx_word' id='word_1_246' title='bbox 750 3426 948 3503; x_wconf 84' lang='lat' dir='ltr'><strong>arbitrabar,</strong></span> <span class='ocrx_word' id='word_1_247' title='bbox 975 3424 1122 3507; x_wconf 88' lang='lat' dir='ltr'><strong>aliquam</strong></span> <span class='ocrx_word' id='word_1_248' title='bbox 1145 3422 1186 3489; x_wconf 93' lang='lat' dir='ltr'><strong>de</strong></span> <span class='ocrx_word' id='word_1_249' title='bbox 1212 3424 1390 3509; x_wconf 87' lang='lat' dir='ltr'><strong>cujuslibet</strong></span> 
     </span>
     <span class='ocr_line' id='line_1_31' title="bbox 281 3524 1389 3610; baseline -0.001 -14"><span class='ocrx_word' id='word_1_250' title='bbox 281 3532 387 3596; x_wconf 78' lang='lat' dir='ltr'><strong>vuriae</strong></span> <span class='ocrx_word' id='word_1_251' title='bbox 401 3529 554 3593; x_wconf 89' lang='lat' dir='ltr'><strong>lectionis</strong></span> <span class='ocrx_word' id='word_1_252' title='bbox 569 3530 708 3605; x_wconf 88' lang='lat' dir='ltr'><strong>rationo,</strong></span> <span class='ocrx_word' id='word_1_253' title='bbox 727 3529 863 3609; x_wconf 81' lang='lat' dir='ltr'><strong>origine,</strong></span> <span class='ocrx_word' id='word_1_254' title='bbox 883 3545 960 3603; x_wconf 90' lang='lat' dir='ltr'><strong>usu,</strong></span> <span class='ocrx_word' id='word_1_255' title='bbox 983 3530 1017 3589; x_wconf 91' lang='lat' dir='ltr'><strong>et</strong></span> <span class='ocrx_word' id='word_1_256' title='bbox 1027 3524 1196 3606; x_wconf 84' lang='lat' dir='ltr'><strong>dignitate,</strong></span> <span class='ocrx_word' id='word_1_257' title='bbox 1213 3526 1389 3610; x_wconf 87' lang='lat' dir='ltr'><strong>judicandi</strong></span> 
     </span>
     <span class='ocr_line' id='line_1_32' title="bbox 280 3627 1386 3711; baseline -0.001 -16"><span class='ocrx_word' id='word_1_258' title='bbox 280 3630 473 3696; x_wconf 79' lang='lat' dir='ltr'><strong>facultatem</strong></span> <span class='ocrx_word' id='word_1_259' title='bbox 488 3632 660 3711; x_wconf 85' lang='lat' dir='ltr'><strong>consequi,</strong></span> <span class='ocrx_word' id='word_1_260' title='bbox 681 3634 714 3691; x_wconf 88' lang='lat' dir='ltr'><strong>et</strong></span> <span class='ocrx_word' id='word_1_261' title='bbox 723 3628 897 3692; x_wconf 87' lang='lat' dir='ltr'><strong>medicinae</strong></span> <span class='ocrx_word' id='word_1_262' title='bbox 912 3627 1078 3710; x_wconf 85' lang='lat' dir='ltr'><strong>corruptis</strong></span> <span class='ocrx_word' id='word_1_263' title='bbox 1092 3627 1176 3692; x_wconf 94' lang='lat' dir='ltr'><strong>locis</strong></span> <span class='ocrx_word' id='word_1_264' title='bbox 1190 3629 1386 3694; x_wconf 76' lang='lat' dir='ltr'><strong>adhibendae</strong></span> 
     </span>
     <span class='ocr_line' id='line_1_33' title="bbox 282 3728 1387 3814; baseline 0 -17"><span class='ocrx_word' id='word_1_265' title='bbox 282 3732 510 3814; x_wconf 87' lang='lat' dir='ltr'><strong>sagacitatem,</strong></span> <span class='ocrx_word' id='word_1_266' title='bbox 526 3730 714 3812; x_wconf 85' lang='lat' dir='ltr'><strong>criseosque</strong></span> <span class='ocrx_word' id='word_1_267' title='bbox 728 3728 889 3793; x_wconf 81' lang='lat' dir='ltr'><strong>faciendae</strong></span> <span class='ocrx_word' id='word_1_268' title='bbox 904 3734 1036 3811; x_wconf 88' lang='lat' dir='ltr'><strong>gustum</strong></span> <span class='ocrx_word' id='word_1_269' title='bbox 1051 3729 1115 3792; x_wconf 92' lang='lat' dir='ltr'><strong>sibi</strong></span> <span class='ocrx_word' id='word_1_270' title='bbox 1130 3749 1257 3812; x_wconf 89' lang='lat' dir='ltr'><strong>parare.</strong></span> <span class='ocrx_word' id='word_1_271' title='bbox 1293 3730 1387 3797; x_wconf 86' lang='lat' dir='ltr'><strong>Prae·</strong></span> 
     </span>
     <span class='ocr_line' id='line_1_34' title="bbox 282 3830 1384 3914; baseline -0.002 -16"><span class='ocrx_word' id='word_1_272' title='bbox 282 3838 372 3898; x_wconf 86' lang='lat' dir='ltr'><strong>terea</strong></span> <span class='ocrx_word' id='word_1_273' title='bbox 385 3831 529 3895; x_wconf 90' lang='lat' dir='ltr'><strong>nondum</strong></span> <span class='ocrx_word' id='word_1_274' title='bbox 545 3830 719 3913; x_wconf 88' lang='lat' dir='ltr'><strong>quisquam</strong></span> <span class='ocrx_word' id='word_1_275' title='bbox 738 3830 900 3895; x_wconf 90' lang='lat' dir='ltr'><strong>editorum</strong></span> <span class='ocrx_word' id='word_1_276' title='bbox 914 3831 1002 3895; x_wconf 89' lang='lat' dir='ltr'><strong>hunc</strong></span> <span class='ocrx_word' id='word_1_277' title='bbox 1016 3831 1080 3895; x_wconf 90' lang='lat' dir='ltr'><strong>sibi</strong></span> <span class='ocrx_word' id='word_1_278' title='bbox 1094 3831 1241 3895; x_wconf 90' lang='lat' dir='ltr'><strong>laborem</strong></span> <span class='ocrx_word' id='word_1_279' title='bbox 1255 3832 1384 3914; x_wconf 87' lang='lat' dir='ltr'><strong>sumsit,</strong></span> 
     </span>
     <span class='ocr_line' id='line_1_35' title="bbox 281 3932 1388 4018; baseline -0.002 -17"><span class='ocrx_word' id='word_1_280' title='bbox 281 3942 320 4001; x_wconf 91' lang='lat' dir='ltr'><strong>nt</strong></span> <span class='ocrx_word' id='word_1_281' title='bbox 328 3937 449 4001; x_wconf 91' lang='lat' dir='ltr'><strong>multos</strong></span> <span class='ocrx_word' id='word_1_282' title='bbox 462 3936 596 3999; x_wconf 88' lang='lat' dir='ltr'><strong>codices</strong></span> <span class='ocrx_word' id='word_1_283' title='bbox 605 3935 659 3998; x_wconf 87' lang='lat' dir='ltr'><strong>vel</strong></span> <span class='ocrx_word' id='word_1_284' title='bbox 669 3936 813 4018; x_wconf 86' lang='lat' dir='ltr'><strong>scriptos</strong></span> <span class='ocrx_word' id='word_1_285' title='bbox 821 3936 876 3999; x_wconf 88' lang='lat' dir='ltr'><strong>vel</strong></span> <span class='ocrx_word' id='word_1_286' title='bbox 885 3935 993 3999; x_wconf 88' lang='lat' dir='ltr'><strong>editos</strong></span> <span class='ocrx_word' id='word_1_287' title='bbox 1002 3932 1186 4009; x_wconf 82' lang='lat' dir='ltr'><strong>Juvenalis,</strong></span> <span class='ocrx_word' id='word_1_288' title='bbox 1197 3952 1321 4016; x_wconf 91' lang='lat' dir='ltr'><strong>eosque</strong></span> <span class='ocrx_word' id='word_1_289' title='bbox 1330 3952 1388 3999; x_wconf 80' lang='lat' dir='ltr'><strong>ao·</strong></span> 
     </span>
     <span class='ocr_line' id='line_1_36' title="bbox 283 4034 1385 4120; baseline -0.003 -18"><span class='ocrx_word' id='word_1_290' title='bbox 283 4042 395 4102; x_wconf 88' lang='lat' dir='ltr'><strong>curate</strong></span> <span class='ocrx_word' id='word_1_291' title='bbox 410 4038 491 4101; x_wconf 88' lang='lat' dir='ltr'><strong>inter</strong></span> <span class='ocrx_word' id='word_1_292' title='bbox 506 4056 541 4100; x_wconf 89' lang='lat' dir='ltr'><strong>se</strong></span> <span class='ocrx_word' id='word_1_293' title='bbox 555 4035 726 4115; x_wconf 79' lang='lat' dir='ltr'><strong>conferret,</strong></span> <span class='ocrx_word' id='word_1_294' title='bbox 750 4042 783 4100; x_wconf 91' lang='lat' dir='ltr'><strong>et</strong></span> <span class='ocrx_word' id='word_1_295' title='bbox 798 4037 840 4101; x_wconf 90' lang='lat' dir='ltr'><strong>de</strong></span> <span class='ocrx_word' id='word_1_296' title='bbox 853 4036 962 4104; x_wconf 91' lang='lat' dir='ltr'><strong>indole</strong></span> <span class='ocrx_word' id='word_1_297' title='bbox 977 4056 1018 4102; x_wconf 90' lang='lat' dir='ltr'><strong>ac</strong></span> <span class='ocrx_word' id='word_1_298' title='bbox 1032 4034 1136 4120; x_wconf 89' lang='lat' dir='ltr'><strong>pretio</strong></span> <span class='ocrx_word' id='word_1_299' title='bbox 1152 4053 1266 4098; x_wconf 90' lang='lat' dir='ltr'><strong>eorum</strong></span> <span class='ocrx_word' id='word_1_300' title='bbox 1280 4034 1385 4118; x_wconf 85' lang='lat' dir='ltr'><strong>dispi-</strong></span> 
     </span>
     <span class='ocr_line' id='line_1_37' title="bbox 283 4136 1384 4222; baseline 0.001 -18"><span class='ocrx_word' id='word_1_301' title='bbox 283 4144 381 4204; x_wconf 89' lang='lat' dir='ltr'><strong>ceret.</strong></span> <span class='ocrx_word' id='word_1_302' title='bbox 426 4136 498 4221; x_wconf 87' lang='lat' dir='ltr'><strong>Ego</strong></span> <span class='ocrx_word' id='word_1_303' title='bbox 511 4138 636 4222; x_wconf 91' lang='lat' dir='ltr'><strong>primus</strong></span> <span class='ocrx_word' id='word_1_304' title='bbox 654 4143 780 4203; x_wconf 71' lang='lat' dir='ltr'><strong>unium</strong></span> <span class='ocrx_word' id='word_1_305' title='bbox 794 4138 876 4202; x_wconf 92' lang='lat' dir='ltr'><strong>mihi</strong></span> <span class='ocrx_word' id='word_1_306' title='bbox 889 4140 998 4203; x_wconf 89' lang='lat' dir='ltr'><strong>oneris</strong></span> <span class='ocrx_word' id='word_1_307' title='bbox 1009 4136 1140 4220; x_wconf 89' lang='lat' dir='ltr'><strong>imponi</strong></span> <span class='ocrx_word' id='word_1_308' title='bbox 1153 4151 1286 4217; x_wconf 84' lang='lat' dir='ltr'><strong>passus,</strong></span> <span class='ocrx_word' id='word_1_309' title='bbox 1300 4136 1384 4205; x_wconf 83' lang='lat' dir='ltr'><strong>etin</strong></span> 
     </span>
     <span class='ocr_line' id='line_1_38' title="bbox 282 4236 1382 4329; baseline 0 -22"><span class='ocrx_word' id='word_1_310' title='bbox 282 4260 324 4307; x_wconf 85' lang='lat' dir='ltr'><strong>oa</strong></span> <span class='ocrx_word' id='word_1_311' title='bbox 338 4262 515 4329; x_wconf 86' lang='lat' dir='ltr'><strong>quoquere</strong></span> <span class='ocrx_word' id='word_1_312' title='bbox 536 4240 670 4329; x_wconf 84' lang='lat' dir='ltr'><strong>adjutos</strong></span> <span class='ocrx_word' id='word_1_313' title='bbox 685 4260 760 4309; x_wconf 92' lang='lat' dir='ltr'><strong>sum</strong></span> <span class='ocrx_word' id='word_1_314' title='bbox 774 4261 840 4327; x_wconf 88' lang='lat' dir='ltr'><strong>ope</strong></span> <span class='ocrx_word' id='word_1_315' title='bbox 854 4242 999 4308; x_wconf 84' lang='lat' dir='ltr'><strong>virorum</strong></span> <span class='ocrx_word' id='word_1_316' title='bbox 1012 4239 1194 4318; x_wconf 88' lang='lat' dir='ltr'><strong>doctorum,</strong></span> <span class='ocrx_word' id='word_1_317' title='bbox 1220 4236 1279 4321; x_wconf 88' lang='lat' dir='ltr'><strong>qui</strong></span> <span class='ocrx_word' id='word_1_318' title='bbox 1291 4236 1382 4307; x_wconf 88' lang='lat' dir='ltr'><strong>band</strong></span> 
     </span>
    </p>
   </div>
   <div class='ocr_carea' id='block_1_4' title="bbox 0 0 1596 4917">
    <p class='ocr_par' dir='ltr' id='par_1_5' title="bbox 0 0 1596 4917">
     <span class='ocr_line' id='line_1_39' title="bbox 0 0 1596 4917; baseline 0 0"><span class='ocrx_word' id='word_1_319' title='bbox 0 0 1596 4917; x_wconf 95' lang='lat' dir='ltr'><strong> </strong></span> 
     </span>
    </p>
   </div>
  </div>
 </body>
</html>
