3184 4917
652 421 860 495 11111111.
1259 408 1303 478 u

194 580 330 661 §mama
351 577 506 645 iacienda
530 578 597 643 sint
626 577 848 645 adolescenti:
879 579 983 645 nolim
1010 584 1120 644 tamen
1144 578 1304 665 cuiquam

193 680 359 765 {eandem
372 680 535 745 rationem
554 682 689 764 probari
711 682 744 745 iu
767 682 842 745 aliis
856 683 993 746 minoris
1008 682 1178 767 diguitatis
1199 685 1304 769 scrip·

193 786 205 816 ‘
220 784 354 849 toribus.
400 783 438 846 Si
459 785 546 847 enim
561 784 595 845 in
611 782 762 865 Virgilio,
777 790 815 847 ut
830 783 989 861 diximus,
1004 804 1077 849 esse
1092 792 1202 869 potest
1214 780 1306 853 utili·

195 887 273 951 ‘ras
301 886 416 967 aliqua
440 887 544 949 variae
569 884 720 949 lectionis
746 884 934 967 diligentius
956 888 1055 951 etiam
1081 889 1115 949 irr
1137 889 1303 967 obscuris,

195 988 362 1063 ‘levibus
379 993 436 1051 aut
457 986 645 1053 solennibus
671 990 835 1053 erroribus
859 990 1038 1072 ascriptae3
1061 996 1098 1053 ut
1120 992 1306 1073 specimina

196 1092 206 1121 ‘
221 1089 368 1154 habeant
389 1090 613 1154 adolescentes
636 1090 855 1155 festinationis
869 1098 903 1155 et
916 1092 1062 1175 stuporis
1075 1092 1305 1159 librariorum:

194 1196 207 1226 ‘
223 1211 301 1279 quae
316 1191 449 1257 taudem
463 1194 497 1255 11
513 1193 599 1271 aliia,
614 1199 647 1257 et
659 1195 795 1277 ubique,
812 1214 886 1259 esse
900 1199 1012 1278 potest
1023 1194 1151 1257 utilitas
1164 1198 1306 1259 enotata

195 1294 403 1373 {varietatis
419 1312 508 1377 quae,
528 1295 558 1357 si
574 1315 648 1359 vere
668 1295 774 1372 dicas,
795 1298 935 1361 varietas
950 1296 1041 1360 nulla
1054 1302 1117 1373 est,
1136 1296 1195 1359 sed
1214 1314 1308 1362 mera

195 1398 206 1428 ‘
222 1394 430 1461 librariorum
444 1395 618 1474 aberratio,
633 1397 775 1461 millenis
787 1399 952 1483 exemplis
966 1384 1090 1461 dudum
1105 1404 1193 1477 nota,
1207 1398 1308 1463 modo

196 1498 269 1563 ‘ab
294 1497 432 1577 incuria,
452 1498 552 1563 modo
573 1500 615 1562 ab
639 1499 835 1581 ignorantia,
860 1499 959 1563 modo
984 1520 1006 1564 a
1029 1501 1148 1566 saeculi
1173 1501 1309 1569 inscitia

196 1600 395 1684 ‘prolectat
418 1601 452 1663 in
466 1620 535 1684 qua
548 1600 629 1665 nibil
643 1600 720 1662 novi
735 1606 910 1682 occurrat3
930 1603 1013 1666 nihil
1034 1603 1124 1687 quod
1143 1623 1209 1667 nou
1230 1622 1309 1669 sex·

196 1703 207 1732 ‘
222 1700 347 1765 centies
361 1700 573 1763 observatum
587 1699 648 1779 sit3
670 1698 752 1762 nihil
766 1701 857 1786 quod
874 1702 1018 1783 aliquem
1032 1703 1176 1767 fructum
1188 1703 1310 1769 habeat

197 1803 208 1833 ¹
225 1805 283 1866 aut
295 1802 416 1865 habere
430 1802 547 1885 possit.
593 1800 764 1884 Inprimis
779 1801 946 1865 autem=in
966 1802 1009 1865 iis
1031 1804 1236 1879 auctoribus,
1250 1804 1309 1885 qui

198 1906 208 1935 ‘
219 1902 292 1987 jam
306 1902 425 1965 critica
440 1907 510 1966 arte
525 1906 557 1965 11
570 1902 613 1967 ad
626 1903 799 1967 meliorum
809 1902 965 1965 libronrm
980 1904 1186 1986 exemplaria
1200 1922 1310 1969 emen·

198 2004 295 2069 ‘dati
317 2008 405 2081 sunt,
424 2022 525 2086 quam
546 2004 720 2067 utilitatem
742 2003 846 2070 studii
868 2010 1047 2088 expectare
1068 2011 1179 2089 potest
1195 2008 1236 2085 is,
1251 2006 1311 2091 qui

198 2093 209 2140 ³
226 2108 341 2172 iterum
355 2106 526 2191 vulgarem
541 2105 684 2189 aliquem
692 2110 725 2171 11
739 2104 944 2180 diobolaram
958 2106 1110 2172 codicem
1120 2114 1177 2171 aut
1191 2108 1311 2173 editio·

199 2212 300 2293 {nem
326 2228 348 2271 a
377 2207 590 2271 somnolentis
619 2208 729 2292 operis
757 2206 976 2289 depravatam
1005 2207 1121 2271 sedulo
1148 2210 1310 2289 excutiat,

199 2309 415 2393 ‘sphalmata
436 2312 468 2371 et
489 2327 613 2373 errores
636 2314 780 2387 annotet,
802 2313 836 2371 et
860 2309 911 2371 sic
932 2328 1054 2373 noram
1075 2328 1112 2373 se
1131 2309 1320 2378 editionem'

199 2410 403 2476 ‘adornasse
431 2412 548 2495 putet‘l
584 2410 704 2475 Nonne
729 2417 824 2495 turpe
852 2414 915 2487 est,
944 2412 1078 2475 brevem
1103 2411 1206 2493 hujus
1228 2414 1310 2477 vitto

200 2513 370 2599 ffructum
394 2514 430 2576 11
468 2512 544 2577 haec
578 2513 796 2596 impenderet
828 2514 862 2575 in
891 2516 961 2575 tam
988 2513 1053 2575 late
1083 2514 1313 2580 subcrescente

201 2620 212 2699 .‘
229 2636 337 2681 rerum
351 2612 580 2679 discendarum
595 2620 705 2697 segete
720 2633 855 2697 operam
868 2614 903 2676 11
917 2614 1014 2697 nugis
1028 2614 1080 2677 his
1098 2616 1312 2679 consumere?

201 2721 213 2752 ‘
229 2716 357 2781 Vemm
370 2720 420 2781 est
433 2735 475 2779 ea
488 2716 664 2779 multorum
677 2716 804 2799 opinio,
819 2715 911 2779 nullo
932 2716 1033 2779 animi
1052 2715 1180 2800 judicio
1198 2717 1315 2800 explo-

200 2823 311 2899 ‘rata,
326 2824 364 2883 ut
377 2823 490 2902 putent
511 2818 593 2881 satis
616 2836 701 2895 esse,
725 2820 755 2883 si
777 2816 878 2881 modo
901 2818 1052 2882 codicem
1065 2818 1120 2880 vel
1134 2816 1315 2885 editionem

202 2926 214 2956 ‘
230 2927 372 2987 veterem
387 2919 616 2985 conferendam
629 2919 793 2999 habeant3
815 2919 850 2983 id
869 2926 990 2997 autem,
1006 2918 1098 3003 quod
1118 2922 1226 3004 primo
1238 2920 1314 2986 loco

202 3026 214 3056 ‘
230 3024 438 3088 considerare
452 3022 629 3098 debebant,
646 3021 730 3086 sitne
745 3022 775 3085 is
788 3022 875 3085 liber
887 3041 984 3086 norae
1009 3027 1069 3086 aut
1081 3017 1314 3089 emendatioris

200 3124 391 3203 ‘lectionis
406 3124 480 3189 sons
494 3123 551 3188 vel
570 3123 806 3210 adjumentum,
830 3126 890 3190 rix
911 3125 946 3188 in
967 3125 1113 3190 animum
1127 3124 1314 3190 admittant.

201 3226 346 3313 ‘Atqui
360 3233 396 3294 ut
416 3228 480 3292 hoc
503 3228 656 3311 exemplo
678 3232 762 3306 utar,
784 3226 919 3311 Virgilii
943 3233 1105 3293 trecentos
1126 3228 1260 3293 codices
1281 3232 1316 3301 et

204 3329 395 3395 ‘editiones
417 3334 544 3395 veteres
567 3327 631 3393 hoo
656 3334 813 3413 respectu
837 3331 898 3393 vix
920 3328 1039 3410 dignas
1061 3329 1206 3407 habebit,
1231 3348 1316 3413 quas

203 3436 217 3466 ¹
231 3432 400 3516 inspiciat,
415 3434 456 3509 is,
471 3432 530 3515 qui
543 3450 611 3496 nou
626 3430 670 3495 ad
684 3431 852 3515 vulfflrrem
867 3432 1058 3516 opinionem
1071 3429 1237 3514 judicium
1250 3430 1317 3499 sibi

205 3536 351 3601 ‘mentis
365 3532 631 3599 constituendum
645 3534 758 3619 putet?
802 3531 892 3610 Alia,
912 3553 978 3597 non
995 3533 1105 3597 minus
1118 3532 1219 3614 digna
1239 3552 1317 3614 quea

204 3636 368 3719 legantur,
383 3638 419 3701 in
433 3655 507 3701 eam
519 3655 588 3699 rem
600 3634 786 3721 disputavit
799 3635 920 3719 Heyne
929 3635 965 3696 11
979 3632 1115 3697 Praefat.
1126 3651 1224 3697 uorae
1236 3632 1319 3699 edit.

206 3735 326 3820 Virgil.
347 3737 388 3800 Τ.
412 3754 437 3800 1.
462 3756 539 3821 pag.
570 3752 703 3801 xxvrrr
732 3756 784 3820 sq.
804 3738 866 3801 ubi
888 3735 989 3801 etiam
1014 3753 1092 3816 pag.
1110 3749 1217 3795 uxvr.
1243 3732 1318 3799 haec

205 3837 356 3905 laudavit
369 3840 473 3905 verba
487 3838 634 3903 Plautini
648 3839 683 3901 in
699 3838 835 3902 Praefat.
849 3836 894 3920 ad
907 3834 977 3911 Jul.
993 3833 1181 3899 Caesarem:
1205 3832 1318 3917 ‘Quae

207 3942 320 4021 fenim
345 3942 638 4025 finis-quousque
661 3939 802 4024 paginas
824 3956 940 4004 omnes
954 3935 1152 4003 obsidebunt
1165 3937 1267 4002 variae
1285 3941 1321 4003 et

208 4044 332 4121 frenae
351 4062 443 4127 saepe
453 4042 633 4107 lectionest
658 4040 883 4107 Excutiuntur
901 4040 1048 4124 proiecto
1061 4041 1236 4125 scriptores
1251 4038 1320 4123 ipsi

209 4148 221 4177 ‘
235 4164 256 4212 1
268 4146 431 4225 manibus,
452 4144 530 4209 dum
544 4142 644 4209 avida
660 4144 820 4229 juventus.
837 4142 882 4207 ad
898 4142 971 4207 haec
985 4140 1188 4207 deverticula
1202 4141 1272 4221 abit
1285 4146 1320 4207 11

208 4246 369 4335 ἰάςεργα
380 4248 447 4315 ista
467 4250 562 4315 curat
574 4244 667 4311 velut
688 4241 771 4333 ἔργα.
816 4242 929 4327 Quam
949 4244 1044 4311 multi
1052 4242 1125 4328 jam
1143 4241 1201 4327 qui
1214 4241 1317 4309 libros
