3184 4917
281 367 325 433 16
729 381 937 431 ransarro.

283 529 383 597 etiam
411 548 534 607 eorum,
559 526 617 613 qui
646 526 771 612 optime
792 527 835 591 de
862 529 1061 595 recensendo
1091 528 1251 597 Juvenale
1279 532 1388 601 meriti

282 636 370 709 sunt,
394 629 563 712 Stephani,
595 628 782 705 Pulmanni,
813 629 951 707 Pithoei,
978 626 1129 713 Rigaltii,
1144 632 1324 699 ¹Henninii
1354 640 1389 701 et

283 730 458 808 Maittarii,
485 732 582 795 ineo
607 731 765 808 substitit,
792 734 831 795 ut
848 749 974 814 paucas
1000 752 1124 816 easque
1151 737 1386 801 memorabiles

282 834 440 901 lectiones
463 833 592 917 aliquot
611 834 778 910 librorum,
803 834 925 916 quibus
944 835 998 899 usi
1016 841 1138 913 essent,
1159 844 1386 921 excerperent,

282 937 409 1019 hosque
424 937 626 1000 nominarent
640 940 779 1013 tanturn,
795 954 858 998 nec
880 936 1016 1001 ulterius
1038 936 1278 1019 describerent;
1303 940 1388 1004 alio-

281 1059 452 1116 nrmvero,
469 1038 527 1121 qui
542 1036 707 1121 pleniores
730 1035 912 1101 editionum
934 1037 1069 1101 armales
1085 1040 1227 1103 condere
1242 1041 1389 1123 aggressi

283 1146 370 1219 sunt,
384 1140 557 1217 Maittarii,
571 1138 728 1215 Fabricii,
740 1136 884 1233 Ernesti,
899 1145 931 1203 et
946 1139 1110 1204 sodalium
1122 1142 1388 1225 Bipontinorom,

282 1244 316 1307 in
337 1262 390 1321 eo,
412 1249 448 1307 ut
470 1242 561 1307 solos
582 1260 694 1305 eamn]
721 1240 848 1320 titulos,
874 1246 908 1305 et
925 1261 967 1304 ne
987 1242 1120 1325 quidem
1146 1244 1303 1323 omnium,
1328 1263 1390 1309 nee

283 1344 365 1407 satis
400 1350 564 1421 accurate,
597 1348 821 1408 recenserent:
858 1344 943 1407 unde
969 1363 1046 1408 vere
1068 1344 1155 1408 dixit
1182 1344 1314 1411 Ernesti
1353 1346 1390 1409 in

284 1446 420 1511 Praefat.
434 1445 478 1510 ad
492 1446 603 1511 Tacit.
615 1468 650 1529 p.
664 1462 774 1525 xnrr,
789 1446 940 1510 homines
952 1446 1144 1530 plerumque
1158 1449 1295 1525 nescire,
1307 1448 1390 1532 quid

283 1548 348 1611 sibi
369 1548 481 1626 velint,
504 1567 579 1612 cum
602 1546 642 1610 de
664 1544 794 1631 vulgata
810 1548 882 1610 sive
905 1556 1026 1631 recepta
1051 1544 1182 1611 lectione
1202 1548 1388 1632 loquantur.

283 1644 357 1729 Ego
370 1668 489 1713 novam
505 1668 645 1727 eamque
668 1650 832 1709 lubricam
854 1649 1022 1729 ingressus
1034 1649 1148 1723 (viam,
1163 1651 1316 1732 quamvis
1338 1670 1390 1729 eo,

283 1768 350 1834 quo
364 1748 541 1825 tenderem,
560 1766 614 1810 me
632 1751 863 1830 perventurum
879 1764 959 1829 spes
983 1747 1073 1811 nulla
1092 1751 1191 1823 esset,
1211 1750 1390 1830 procedere

283 1856 392 1915 tamen
414 1856 553 1914 conatus
569 1868 652 1927 sum,
669 1868 736 1932 quo
758 1868 866 1931 usque
887 1847 982 1910 licuit
1004 1867 1063 1928 per
1080 1847 1204 1910 itineris
1219 1847 1390 1915 difficulta-

283 1955 360 2029 tem,
376 1972 434 2035 per
458 1950 690 2036 praesidiorum
715 1950 863 2035 copiam,
877 1968 937 2033 per
962 1949 1076 2027 otium,
1098 1954 1132 2012 et
1148 1969 1207 2033 per
1222 1950 1389 2033 ingenium

284 2071 404 2131 meum,
434 2051 524 2135 qnod
550 2050 627 2116 talis
653 2050 700 2115 rei
723 2051 879 2116 literariee
907 2049 1071 2114 subtilitas
1102 2068 1272 2135 nunquam
1293 2053 1391 2117 valde

283 2154 337 2217 vel
350 2155 499 2219 exercuit
512 2154 567 2219 vel
584 2154 681 2239 juvit.
728 2152 885 2217 Fortasse
903 2152 979 2217 baec
1003 2170 1106 2235 opera
1130 2152 1306 2217 admodum
1328 2156 1389 2218 im-

283 2254 433 2339 perfecta
445 2262 478 2319 et
491 2274 623 2333 manca,
641 2255 768 2338 junctis
783 2256 953 2339 praecipue
970 2274 1011 2318 ac
1021 2254 1290 2336 praecedentibus
1304 2256 1389 2319 mui-
1411 2286 1417 2295 .

284 2363 391 2421 torum
419 2354 549 2433 studiiS,
579 2353 758 2437 aliquando
778 2356 834 2419 vel
859 2356 903 2420 ab
929 2356 1015 2434 aliis,
1042 2356 1096 2420 vel
1120 2376 1142 2419 a
1169 2376 1223 2420 me
1250 2358 1336 2440 ipso,
1358 2358 1390 2421 si

284 2455 360 2541 plus
374 2461 407 2519 et
421 2456 483 2519 otii
496 2462 530 2519 et
545 2454 769 2519 subsidiorum
783 2463 903 2523 nactus
925 2456 1030 2536 fuero,
1046 2457 1160 2542 perfici
1174 2460 1308 2543 poterit,
1330 2464 1390 2525 aut

284 2556 401 2623 saltem
416 2558 602 2621 continuari
617 2563 650 2622 et
663 2558 796 2641 corrigi.
1051 2630 1056 2636 ,

328 2658 431 2737 erod
457 2659 502 2723 ad
530 2664 724 2724 contextum
751 2660 862 2745 politae
888 2663 1014 2739 attinet,
1052 2660 1228 2730 editionem
1257 2663 1390 2746 quidem

286 2761 511 2845 Bipontinam,
529 2781 606 2844 quae
620 2764 692 2825 tota
713 2762 780 2826 iere
793 2782 838 2827 ex
861 2761 1082 2838 Henniniana‚
1094 2768 1130 2826 ut
1141 2763 1249 2826 haece
1270 2763 1391 2827 Schre-

285 2865 428 2942 veliana,
451 2884 611 2949 expressa
635 2868 698 2943 est,
721 2866 832 2949 operis
854 2864 998 2929 librariis
1012 2861 1241 2927 excutiendam
1256 2864 1390 2943 tradidi,

283 2986 399 3030 verum
414 2967 611 3046 sexcenties,
626 2967 684 3030 ubi
698 2967 825 3031 criticae
847 2966 991 3029 rationes
1014 2963 1051 3028 id
1078 2966 1211 3032 omnino
1237 2966 1389 3046 suadere,

284 3066 339 3133 vel
360 3069 474 3151 potius
495 3069 612 3153 jubere
637 3066 843 3144 videbantur,
866 3085 933 3129 non
958 3065 1058 3129 modo
1080 3066 1389 3147 interpunctionem,

285 3188 361 3252 quae
376 3169 420 3233 ad
435 3172 631 3236 sententiam
646 3173 717 3233 tum
739 3166 986 3252 expediendam
1002 3170 1075 3228 turn
1098 3164 1294 3227 turbandam
1314 3166 1390 3249 plu·

285 3270 403 3335 nimum
417 3273 520 3349 valet,
535 3271 596 3336 sed
609 3272 704 3355 ipsas
719 3288 854 3355 quoqne
867 3268 1024 3332 lectiones
1037 3269 1166 3327 mutare
1180 3284 1283 3329 ausus
1297 3286 1389 3351 sum;

285 3376 322 3437 ut
338 3373 449 3457 itaque
462 3374 534 3439 baec
547 3374 696 3437 recensio
707 3372 805 3454 plane
815 3366 1015 3434 novavideri
1024 3364 1145 3449 possit.
1191 3364 1390 3452 Inquaqui-

286 3472 362 3539 dem
376 3475 424 3539 ita
438 3480 587 3540 versatus
602 3492 688 3550 sum,
702 3476 738 3533 ut
752 3489 866 3533 omnes
880 3468 1048 3543 lectiones,
1062 3467 1229 3551 inquibus
1243 3470 1390 3537 varietas

286 3581 387 3652 esset,
401 3574 444 3639 ad
459 3576 616 3639 bonomm
632 3572 789 3635 librorum
798 3568 896 3633 fidem
909 3575 943 3633 et
956 3569 1000 3633 ad
1014 3588 1096 3634 vera
1109 3588 1150 3635 ae
1163 3576 1255 3635 recta
1267 3570 1389 3654 linguae

286 3677 434 3760 artisque
449 3678 618 3758 praecepta
632 3672 770 3736 solerter
784 3671 961 3753 exigerem,
984 3691 1108 3753 easque
1130 3673 1178 3737 ita
1197 3672 1253 3737 rel
1276 3692 1388 3739 serva-

285 3795 355 3839 rem
382 3796 422 3841 ac
452 3774 670 3851 defenderem,
693 3774 746 3839 vel
774 3772 939 3858 ejicerem,
963 3773 1018 3838 vel
1047 3793 1246 3838 revocarem.
1291 3773 1389 3838 Illam

286 3879 372 3943 enim
392 3878 569 3942 multorum
588 3876 815 3941 morositatem
828 3882 862 3941 et
883 3876 982 3960 quasi
1006 3875 1284 3961 superstitionem,
1310 3892 1388 3955 quar

286 3980 433 4063 religioni
448 3978 513 4043 sibi
529 3979 634 4057 ducit,
649 3980 752 4044 verba
765 3978 819 4043 vel
839 3979 1014 4044 manifesto
1038 3982 1194 4060 corrupta
1213 3981 1246 4039 et
1267 3974 1387 4041 idoneo

288 4098 387 4145 sensu
403 4081 549 4145 carentia
563 4099 638 4143 cum
660 4080 763 4157 sanis,
790 4081 892 4163 aptis,
905 4086 939 4145 et
953 4079 1055 4164 polita
1069 4078 1178 4160 dignis
1191 4082 1388 4161 permutare,

287 4200 354 4247 non
376 4179 485 4249 minus
509 4178 715 4265 probandam
729 4186 825 4265 puto,
850 4200 953 4264 quam
974 4180 1112 4245 aliorum
1133 4179 1169 4242 in
1181 4178 1246 4243 boc
1268 4182 1390 4248 conatu
