3184 4917
281 403 349 472 lou
564 420 614 467 nn
635 414 716 467 san.
740 418 899 480 uucrnu,
924 410 1096 484 nostru,

279 555 516 650 majorem'sibi
534 565 773 648 justioremque
787 565 873 629 alios
895 565 1051 648 carpendi
1068 550 1258 628 'incretam
1271 562 1381 628 vindi-

281 672 344 743 cet,
360 667 425 730 sibi
438 666 513 748 ipse
527 684 592 729 uon
604 668 724 749 parcit,
740 686 802 731 nec
815 668 941 744 melior,
957 680 1056 750 quum
1068 665 1245 743 est,videri
1260 662 1381 747 eapite

269 767 462 833 ¹--Persius
477 786 599 832 errores
619 769 662 833 ed
681 768 869 833 Stoicorum
883 770 1019 853 placite,
1037 769 1182 852 vitioque
1196 766 1240 831 ud
1261 768 1379 850 rigidoe

279 870 410 935 viretis
432 870 562 952 regulas
575 870 689 951 exigit,
714 880 748 934 et
761 871 816 934 vel
829 870 1020 953 'juveniliter
1044 868 1380 953 ec-goueoseedot,

278 971 333 1037 vel
356 989 487 1035 morose
508 977 613 1036 atrum
636 970 737 1035 bilem
760 962 1124 1037 efflent-‘Juvenalis
1143 974 1216 1037 sive
1239 971 1381 1053 gram

265 1074 435 1156 precipit
448 1074 598 1137 virtutem
611 1076 644 1134 et
658 1072 762 1135 severi
782 1074 954 1136 monitoris
966 1078 1078 1155 partes
1091 1073 1170 1154 agit,
1185 1073 1268 1150 sive,
1277 1074 1336 1137 'ire
1347 1075 1382 1135 et

279 1174 502 1257 indignatione
514 1173 748 1249 inflammatus,
768 1172 804 1235 iu
817 1174 894 1257 ipse
906 1173 1099 1257 plerumque
1110 1175 1195 1239 vitiu
1207 1174 1381 1253 invehitur,

278 1277 333 1340 vel
352 1276 483 1340 scutica
505 1273 649 1350 caedens,
673 1273 727 1336 vel
750 1273 875 1339 tollens·
889 1274 1109 1339 cachinnum
1140 1273 1382 1339 ·Acrimoninm

278 1395 358 1442 vero
373 1375 619 1440 Archilochium
634 1394 726 1459 sespe
739 1380 900 1458 temperet
912 1376 994 1453 risu,
1018 1381 1051 1440 et
1072 1378 1265 1459 gravitatem
1278 1379 1381 1442 coni·

279 1484 348 1543 tute
364 1478 485 1542 condit.
522 1476 625 1541 Virus
637 1496 771 1560 quoque
787 1477 976 1540 acerbitatis
988 1476 1025 1539 in
1038 1478 1155 1561 primis
1168 1479 1381 1561 potissimum

280 1579 391 1643 satiris
406 1580 547 1659 evomit3
570 1580 604 1641 iu
624 1580 678 1657 iis,
702 1598 780 1662 quse
796 1579 860 1643 riri
875 1581 973 1644 aetate
985 1582 1204 1662 provectioris
1224 1581 1382 1645 maturio·

280 1673 390 1763 risque
404 1680 527 1761 ingenii
541 1679 643 1744 t'oetus
655 1681 760 1745 rideri
772 1687 925 1764 possunt,
945 1682 1005 1745 irco
1024 1687 1125 1747 aesms
1138 1682 1206 1747 tere
1219 1682 1382 1747 deferbuit

280 1784 315 1845 et
331 1780 443 1863 frigori
458 1782 558 1845 cessit
582 1781 849 1847 declamationis:
872 1783 906 1845 iu
929 1782 983 1846 luis
1008 1782 1110 1847 etiam
1122 1786 1230 1848 rarius
1250 1771 1381 1867 singoli,

280 1889 313 1949 et
327 1884 422 1950 deute
444 1884 552 1947 minus
575 1884 737 1948 maledico
752 1890 916 1968 acutoque
934 1890 1123 1969 pumuntur,
1144 1888 1229 1951 utin
1243 1887 1381 1953 Horatii

281 1985 443 2069 epistolis.
1330 2020 1336 2027 ·

323 2087 459 2155 Persius
474 2091 643 2171 precepta
661 2106 703 2152 ec
722 2088 790 2153 tela
809 2094 936 2153 tantum
955 2108 1021 2155 non
1046 2089 1160 2155 omniu
1180 2110 1224 2155 ex
1253 2090 1382 2173 porticu

279 2190 364 2273 petit
393 2194 427 2253 et
455 2188 590 2255 schole:
629 2190 788 2255 Horatius
816 2198 851 2256 et
888 2190 1063 2256 Juvenalis
1094 2211 1139 2255 ex
1169 2191 1383 2275 philosophie

280 2306 358 2354 vera
380 2296 414 2353 et
436 2291 601 2374 populari,
624 2312 703 2376 quae
727 2312 771 2356 ex
793 2292 901 2357 multu
923 2312 1030 2357 rerum
1054 2293 1262 2377 experientia
1282 2298 1382 2376 etque

278 2390 432 2454 interiore
454 2392 582 2474 generis
603 2392 790 2476 ingeniique
813 2394 947 2458 humaui
969 2395 1157 2477 cognitione
1177 2395 1303 2459 hanste-
1318 2398 1380 2472 est,

278 2492 370 2555 etad
393 2499 591 2574 praesentem
605 2495 660 2558 vel
673 2496 776 2559 animi
790 2513 936 2571 sensnm,
951 2496 1007 2560 vel
1023 2515 1134 2559 rorum
1149 2495 1380 2573 conditionem,

281 2593 335 2657 vel
360 2592 502 2658 indolem
526 2596 705 2678 argumenti
728 2616 764 2660 se
783 2602 818 2661 et
836 2595 967 2681 judicie
991 2616 1056 2661 sna
1082 2598 1261 2681 componit
1317 2596 1381 2662 Ille

276 2712 372 2758 cueco
399 2696 478 2759 ritae
508 2714 549 2759 ec
580 2695 768 2781 discipline
808 2696 996 2762 Stoicorum
1023 2716 1136 2762 amore
1163 2703 1282 2781 captus
1315 2711 1381 2761 non

279 2792 382 2872 videt,
404 2794 485 2878 quid
508 2797 544 2859 in
564 2795 627 2860 hec
651 2798 705 2861 vel
728 2797 787 2862 illa
811 2798 986 2881 displicere
1003 2798 1130 2884 possit:
1157 2800 1211 2863 his
1233 2796 1381 2880 phileno-

278 2896 430 2980 phorum,
459 2897 643 2980 praecipue
661 2897 846 2963 Stoieomm
882 2898 1158 2984 cynicorumque,
1180 2918 1302 2977 mores,
1322 2900 1382 2964 lia·

279 2996 379 3072 bitus,
409 2998 597 3078 paradoxa,
622 3001 774 3081 argutiae,
799 3002 999 3081 arrogantia,
1023 3001 1230 3065 dissimiletio
1249 3002 1381 3084 alinum

279 3094 365 3159 vitia
377 3097 504 3177 largum
517 3098 644 3161 ridendi
656 3100 887 3182 irascendique
898 3102 1072 3162 materiam
1085 3100 1261 3181 praebent.⁸
1283 3100 1380 3166 llllus

280 3196 514 3277 argumentatio
527 3200 578 3258 est
599 3196 730 3261 subtilis
749 3203 783 3261 et
797 3205 908 3275 acute,
931 3218 992 3263 nec
1015 3198 1081 3263 alte
1105 3200 1141 3261 in
1160 3201 1306 3265 animum
1321 3202 1382 3267 de-

280 3293 450 3373 scendens,
472 3295 589 3362 horum
608 3296 763 3379 simplex,
785 3298 830 3363 ed
842 3298 1106 3383 uniuscujusque
1119 3306 1255 3384 captum
1267 3320 1381 3369 ustum·

779 3449 886 3501 NOTAE

311 3561 328 3606 6
344 3556 376 3607 V.
388 3557 508 3608 Wieleud
520 3558 553 3608 ad
569 3555 660 3609 Horat.
676 3560 731 3611 Sat.
742 3576 775 3613 rr.
786 3566 811 3613 s.
851 3561 1015 3629 turpitudine
1024 3570 1092 3627 orta,
1098 3564 1213 3631 instigat,
1222 3568 1285 3617 nihil
1294 3572 1382 3633 poert

280 3637 309 3681 et
319 3637 344 3682 7.
851 3653 975 3703 suspenso
987 3638 1091 3689 brachio
1100 3646 1199 3705 notare,
1218 3643 1281 3693 ullril
1296 3641 1381 3693 ficeto

312 3704 354 3757 t‘
363 3708 427 3758 Cum
439 3708 509 3759 inter
519 3710 689 3762 eoslromlnes
700 3712 810 3778 vireret,
849 3715 974 3780 illudere3
991 3716 1018 3765 tn
1037 3732 1160 3768 sommam
1177 3720 1300 3770 invidiae
1319 3734 1381 3770 eoe-

280 3796 388 3847 quorum
407 3778 486 3833 auimi'
502 3785 810 3840 vitiorum‘diutumltate
852 3799 893 3844 tra
912 3793 1028 3856 adducit,
1048 3810 1105 3859 que
1125 3796 1293 3861 vituperanda
1311 3803 1382 3859 not,

280 3857 374 3907 callum
379 3858 434 3923 jam
447 3860 585 3923 duxerant,
596 3862 750 3927 ingeniaque
768 3866 811 3915 ola
850 3874 878 3917 et
897 3868 963 3916 rlrus
984 3870 1049 3917 lenia
1072 3876 1100 3918 et
1115 3869 1256 3933 jucundus,
1275 3886 1326 3935 quo
1346 3872 1380 3922 ab

280 3935 527 3983 iusseruntluxuria
537 3953 543 3984 :
553 3936 700 3987 urbanitate
710 3936 811 3990 e'ttirce-
850 3942 928 3991 enimi
946 3944 1108 4007 permotione
1127 3944 1194 3993 liber
1207 3960 1266 3995 usus
1282 3943 1381 4008 suisset,

279 4006 397 4074 illeque
406 4010 543 4060 Horatium
555 4012 764 4074 nobilitaverunt,
769 4017 810 4079 jo-
850 4018 953 4067 nuncin
964 4019 1116 4069 cachinnum
1127 4020 1200 4070 etit!
1229 4020 1325 4085 Koenig
1335 4022 1380 4073 11.

280 4082 370 4149 cloque
383 4086 516 4135 subtilibus
525 4092 553 4135 et
563 4086 644 4136 acutis
655 4090 697 4137 vix
707 4096 811 4153 poterat
850 4106 877 4157 p.
887 4099 929 4144 87.

281 4161 331 4211 nti.
363 4161 484 4225 Accedit,
495 4163 565 4229 quod
585 4164 617 4227 ls,
633 4181 710 4231 quem
728 4168 811 4233 iudig-
882 4171 949 4221 811.
966 4172 1061 4223 Juven.
1075 4173 1128 4223 Sat.
1142 4162 1190 4222 ns
1207 4170 1326 4221 Wieleud
1344 4159 1378 4224 ad

271 4236 361 4301 nullo,
379 4250 414 4286 ex
432 4232 583 4304 sceleribus,
595 4240 811 4309 improbitatem
851 4244 918 4295 Hor.
926 4238 1014 4299 Sati.
1021 4251 1046 4297 1.
1055 4254 1084 4297 et
1091 4246 1208 4297 Mensol.
1217 4246 1379 4316 t.p.ttitt.rq.
