3184 4917
632 469 684 520 tn
706 469 789 523 847.
812 470 866 524 Vl.

540 715 966 804 EXCURSUS

608 868 892 954 mmmm

243 1047 356 1118 Locus
368 1053 530 1123 obscuros
544 1065 578 1124 et
591 1079 612 1126 a
627 1061 768 1130 librariis
788 1063 873 1130 forte
886 1069 1078 1149 corruptus:
1100 1085 1231 1132 eorem
1244 1069 1298 1136 16.

198 1149 253 1217 48.
287 1175 398 1219 caruca
422 1158 479 1225 2³.
514 1180 626 1226 caruca
652 1163 706 1230 19.
752 1164 891 1234 Rectus
912 1166 1025 1233 forsan
1049 1187 1162 1230 cunco
1185 1169 1299 1241 1222

198 1253 254 1320 94.
268 1255 321 1321 59.
336 1257 392 1322 60.
412 1261 465 1326 vel
488 1283 619 1328 curruca
642 1267 676 1332 2.
687 1267 719 1332 3.
732 1267 765 1334 5.
779 1269 890 1335 lule.
906 1269 959 1334 14.
973 1269 1027 1336 15.
1041 1270 1096 1336 ic
1116 1271 1230 1336 4547.
1243 1272 1297 1338 59.

197 1355 252 1421 54,
266 1359 377 1426 5658.
390 1361 447 1428 ot.
460 1363 514 1432 68.
530 1367 583 1432 70.
597 1369 652 1432 74.
666 1371 720 1434 77.
734 1369 787 1436 81.
803 1369 858 1435 82
901 1369 1029 1436 Neutra
1041 1391 1121 1438 vero
1133 1391 1205 1438 vox
1217 1371 1299 1442 alibi

197 1461 366 1545 reperitur,
388 1471 421 1529 et
434 1466 583 1533 barbarie
600 1470 798 1536 videbantur
821 1467 956 1536 Alciato
977 1471 1115 1554 Parerg.
1137 1470 1212 1540 Jur·
1231 1489 1298 1538 vrr.

197 1562 230 1626 5.
251 1563 309 1647 qui
323 1565 377 1630 rel
390 1565 505 1648 urtica,
520 1573 572 1635 vel
588 1591 664 1636 cum
679 1571 754 1636 aliis
771 1592 864 1635 eruco
882 1570 1108 1654 reponendum
1123 1574 1300 1644 censum

198 1683 289 1728 eruca
303 1663 417 1734 61-63.
431 1669 545 1737 coer.
559 1671 614 1738 69.
629 1674 687 1740 71-
687 1673 741 1738 73.
785 1671 840 1737 lu
853 1670 975 1738 dicitur
987 1673 1149 1740 macetum
1167 1676 1299 1759 parvis·

197 1763 328 1847 simum,
341 1766 511 1838 brassicas
525 1773 723 1860 depascens,
739 1773 800 1842 Gr.
815 1771 928 1857 κᾶμη,
948 1773 1059 1840 Germ
1075 1771 1211 1859 Reum
1230 1795 1299 1845 non

196 1861 294 1934 u'rrrm
309 1873 363 1938 vel
378 1869 508 1955 baruca,
529 1897 607 1961 quae
621 1883 734 1943 mmen
747 1877 949 1967 scripturae
938 1895 975 1941 m
988 1877 1189 1963 quibusdam
1202 1878 1299 1948 libris

195 1957 387 2053 Iuvenalis·
401 1981 440 2042 ut
458 1981 491 2041 et
511 1977 703 2046 Columella
723 1979 929 2064 aliorumque
946 1982 1167 2064 reperiuntur:
1198 1998 1298 2048 amc

196 2073 228 2138 1.
242 2073 297 2138 ¹75.
310 2072 365 2139 76.
392 2074 510 2142 lumea
524 2081 578 2146 49.
592 2081 647 2146 55.
689 2079 820 2145 Vellem
833 2085 945 2146 tamen
958 2078 1298 2150 Alciatusrerbomm

196 2163 296 2240 si'rnul
316 2171 460 2258 illorum,
483 2199 560 2265 quur
583 2182 762 2256 substituit,
779 2181 972 2246 sentendam
993 2183 1182 2268 adjecisset,
1196 2200 1298 2267 qnam

195 2269 286 2344 bau'd
301 2279 399 2344 facile
413 2279 586 2366 expedias.
629 2279 751 2366 Inepta
765 2286 855 2346 certe
868 2286 922 2345 est
933 2283 1161 2366 interpretatio
1172 2279 1297 2363 valle,

195 2381 255 2464 qui
282 2375 437 2448 maritum
466 2382 636 2468 stupidum
664 2389 911 2468 torpentemque
935 2382 969 2448 lr.
984 2384 1008 2450 l.
1034 2404 1157 2447 erucam
1181 2385 1298 2453 vocari

194 2485 299 2567 putat,
324 2483 414 2566 quod
439 2485 482 2548 ab
507 2503 612 2550 uxore
637 2485 817 2568 increpitus
838 2483 923 2549 miro
945 2485 1077 2551 silentio
1102 2487 1297 2566 obticescat,

195 2583 332 2666 perinde
352 2585 442 2649 acsi
465 2586 509 2651 ab
532 2584 648 2651 eadem
671 2586 716 2650 s'it
737 2591 890 2651 enectus:
918 2586 1010 2669 quod
1032 2587 1159 2669 colligit
1179 2607 1200 2652 e
1220 2587 1298 2654 loco

195 2683 328 2749 Colum.
349 2701 405 2749 xl.
425 2685 460 2750 3.
481 2695 564 2751 extr.
584 2686 626 2750 de
649 2688 778 2752 erucis:
800 2687 1035 2752 ‘Democritus
1058 2686 1210 2764 affirmat,
1233 2689 1298 2756 lm

194 2788 287 2872 ipsas
301 2785 459 2854 bestiolas
473 2785 614 2864 enecari,
634 2787 663 2849 si
677 2787 803 2864 mulier,
825 2807 903 2869 qum
917 2786 954 2851 in
971 2790 1144 2854 menstruis
1158 2795 1221 2866 est,
1241 2807 1297 2856 so·

194 2887 274 2952 lutis
295 2883 441 2951 crinibus
460 2890 495 2951 et
515 2885 606 2950 nudo
629 2885 715 2969 pede
737 2905 1004 2974 unamquamque
1025 2905 1139 2954 aream
1160 2892 1211 2952 ter
1233 2889 1297 2954 cin

195 2994 344 3069 cumeat3
367 2993 445 3072 post
465 2988 531 3052 lroc
550 2985 638 3051 enim
659 2985 811 3052 decidere
832 3005 948 3053 omnes
966 2987 1176 3064 vermiculos,
1196 2991 1230 3054 et
1250 2989 1298 3056 ita

194 3087 320 3156 emori?
362 3089 536 3174 Suspicari
556 3090 670 3174 potius
693 3088 819 3174 possis,
838 3089 1002 3156 hominem
1016 3086 1110 3154 nibili
1125 3087 1296 3155 stolidum·

195 3210 259 3278 que
278 3211 400 3255 crucem
420 3191 547 3270 vocari,
570 3189 849 3274 quemadmodum
868 3188 1008 3255 Plautus
1027 3187 1129 3256 Truc.
1145 3206 1181 3255 v,
1195 3191 1227 3256 5.
1242 3193 1295 3259 56,

195 3313 319 3378 campas
332 3313 394 3377 pro
409 3291 500 3378 nugis
512 3291 795 3358 dixerit—Vetus
809 3291 962 3358 scholion
979 3292 1013 3359 h.
1027 3291 1052 3362 t.
1072 3297 1140 3363 est:
1163 3296 1174 3327 ‘
1191 3288 1296 3360 Uruca
1342 3337 1347 3344 =

193 3396 362 3476 mimologi
381 3387 507 3479 stupidi
529 3412 648 3458 nomen
666 3393 773 3470 fluxit,
797 3393 877 3476 quia
899 3391 1000 3456 ferme
1024 3393 1122 3475 quusi
1143 3393 1296 3478 tranen·

194 3499 243 3562 ter
265 3495 400 3573 fallitur,
428 3515 505 3559 cum
530 3497 599 3576 agit
621 3509 795 3577 porsonam
814 3493 943 3559 meriti:
970 3491 1045 3577 (aut
1067 3509 1111 3558 err
1134 3494 1296 3562 emendat.

194 3587 370 3676 Schunfl„
392 3599 449 3682 qui
475 3615 496 3660 a
520 3595 660 3670 foemina
683 3613 745 3660 sua
774 3595 826 3658 sic
851 3593 1036 3680 frequenter
1059 3592 1194 3674 fallitur,
1219 3607 1296 3662 cum

195 3699 334 3764 asciscit
347 3716 523 3781 personam
536 3692 664 3779 mariti)
685 3697 750 3774 rel,
767 3700 805 3759 ut
818 3693 876 3760 alii
891 3693 1020 3769 dicunt,
1036 3711 1139 3774 genus
1153 3697 1207 3765 cst
1225 3694 1296 3768 apis·

196 3799 292 3863 mulis
307 3798 400 3876 foedi,
421 3796 559 3881 spinosi,
582 3801 619 3861 ut
640 3796 773 3861 ericius.
821 3791 926 3857 Uruca
953 3799 1065 3857 autem
1085 3798 1138 3862 ert
1161 3795 1295 3884 proprie

194 3896 288 3977 illud,
303 3899 415 3983 quod'
406 3919 439 3962 m
458 3898 538 3962 faba
556 3897 717 3974 nascitur,
738 3901 776 3962 ut
798 3892 972 3978 gurgulio!
1016 3892 1113 3958 cnut.
1135 3893 1295 3964 stewech.

195 3999 239 4065 ad
254 3998 390 4083 Apuleii
404 3999 546 4083 Apolog.
562 3999 688 4164 61495.
711 3997 856 4066 Salmas.
871 3993 991 4067 Exere.
1006 3993 1095 4066 Ptin.
1115 4017 1151 4081 p
1141 3995 1239 4068 893
1262 4001 1296 4066 et

197 4103 240 4174 ad
255 4099 392 4169 Tertull.
413 4123 448 4189 p
464 4103 539 4171 187.
