3184 4917
512 449 709 503 excursos
732 452 782 503 nn
807 454 887 504 sir.
913 457 953 506 11.
1227 447 1293 510 200

528 1208 952 1293 EXCURSUS

617 1452 668 1505 An
683 1453 756 1507 ΒΑΤ.
773 1454 813 1509 11.
827 1460 854 1508 7.

229 1712 501 1777 Μιιιοιιιιιιι
511 1713 670 1781 estleetio
683 1726 810 1799 puteum
825 1719 861 1782 in
871 1720 927 1785 50.
936 1728 970 1786 et
977 1722 1031 1789 00.
1055 1724 1110 1791 Ita
1123 1728 1196 1813 jam
1210 1732 1289 1797 olim

184 1818 271 1903 conj.
286 1814 403 1881 Valeo.
416 1819 450 1879 et
470 1812 585 1879 Graev.
609 1816 667 1898 qni
690 1816 778 1881 idem
793 1829 1005 1902 persuaserat
1028 1824 1107 1892 Nic.
1134 1828 1288 1911 Heimio,

183 1926 222 1984 nt
236 1936 356 1985 senem
377 1920 438 1983 sit:
457 1914 551 2003 jubet
578 1915 746 1983 Cleanthas
770 1942 893 1985 serrare
913 1932 1052 2008 pateam,
1083 1927 1184 1997 hahet
1205 1934 1289 1999 ima·

183 2024 277 2105 gines
291 2018 472 2100 Cleanthis,
495 2042 539 2085 ex
554 2026 657 2105 puteo
670 2042 792 2106 aquam
806 2025 999 2105 haurientis,
1023 2029 1078 2094 vel
1099 2030 1290 2102 hauriendis

183 2124 281 2207 aquis
307 2122 398 2207 apud
422 2128 560 2205 putenm
590 2124 719 2187 stantis·
773 2124 865 2189 Nam
894 2125 1083 2209 Cleanthes,
1106 2133 1149 2197 ab
1172 2134 1291 2219 inopia

181 2230 333 2305 vexabis,
347 2230 386 2288 nt
395 2223 537 2288 interdiu
552 2222 673 2289 studiis
688 2225 854 2289 literarum
869 2246 991 2292 vacare
1001 2238 1129 2313 posset,
1152 2252 1289 2320 opernm

182 2346 277 2393 snam
290 2328 419 2393 locavit
432 2324 626 2391 Atheniensi
638 2326 782 2404 cuidam,
810 2328 905 2413 cujus
918 2326 1048 2395 bortum
1063 2340 1165 2400 noeto
1186 2355 1288 2423 aqna,

181 2446 226 2494 ex
249 2428 348 2512 pateis
370 2429 501 2507 hausta,
525 2429 686 2511 irrigaret,
708 2431 843 2494 undeet
864 2429 1025 2516 Φρεάντλης
1038 2434 1147 2501 dictus
1160 2444 1232 2505 est:
1254 2462 1288 2507 v.

181 2530 316 2608 Suidns,
341 2529 480 2612 Diogen.
505 2527 615 2593 Iabrt.
630 2534 666 2595 et
684 2528 764 2595 Sen.
780 2530 890 2615 Epist.
905 2534 960 2597 44.
1005 2534 1047 2599 Id
1061 2540 1194 2604 omnino
1206 2545 1288 2608 arri·

181 2633 257 2698 dere
272 2637 404 2716 potest:
420 2632 614 2695 sententiam
624 2636 732 2697 tamen
744 2633 836 2696 illam
851 2636 951 2718 paulo
966 2635 1152 2703 durioribus
1166 2640 1288 2707 obscu-

178 2734 389 2817 rioribnsqne
409 2732 518 2797 verbis
542 2751 736 2816 expressam
758 2753 835 2797 esse
858 2734 957 2799 facile
979 2736 1188 2818 intelligitur3
1210 2743 1288 2818 (nisi

179 2838 264 2903 forte
276 2848 402 2919 puteum
418 2830 580 2898 Cleanthis
595 2834 780 2915 legendnm)
790 2854 900 2917 neque
910 2833 1047 2917 volgata
1060 2836 1159 2901 lectio
1174 2839 1289 2925 inepta

177 2940 319 3005 videtur.
370 2934 500 3000 Pintear
524 2956 553 2999 s.
573 2931 715 3018 pluteum
737 2938 871 3019 proprie
894 2937 1017 3001 dicitur
1040 2956 1142 3016 asser,
1165 2942 1286 3023 parieti

178 3040 311 3117 affixus,
328 3040 381 3105 vel
395 3039 583 3116 armarium,
597 3038 841 3120 repositorium,
856 3038 1026 3117 scrinium,
1047 3041 1167 3124 parieti
1180 3043 1287 3109 metu-

177 3160 262 3221 snm,
286 3144 322 3206 in
335 3159 402 3223 quo
416 3140 576 3221 imagines
590 3158 648 3203 seu
671 3140 746 3203 iibri
770 3140 1028 3224 reponebantm;
1050 3148 1086 3207 et
1108 3144 1184 3209 hino
1207 3146 1287 3232 ipsa

177 3252 310 3329 qnoque
324 3242 527 3307 bibliotheca
539 3248 597 3305 aut
610 3260 769 3305 museum.
814 3242 872 3306 Sic
885 3242 968 3309 sorte
984 3264 1040 3329 ap.
1055 3246 1150 3314 Pers.
1167 3263 1192 3313 1.
1208 3249 1285 3314 100.

110 3344 113 3351 ’
177 3352 218 3410 et·
234 3366 291 3430 ap.
318 3344 433 3409 Sidon.
463 3344 561 3427 cujus
584 3344 687 3408 verba
716 3344 868 3409 Britnnn.
893 3347 1060 3413 laudavit:
1090 3348 1187 3412 ‘Hie
1207 3348 1285 3413 libri

177 3448 304 3513 affatim
329 3448 364 3511 in
388 3452 539 3531 promtu:
570 3444 680 3510 videre
704 3450 736 3509 te
762 3446 911 3511 crederes
934 3454 992 3513 aut
1015 3449 1285 3530 grammaticales

177 3550 318 3634 pluteos,
343 3557 403 3613 aut
418 3546 570 3611 Athenaei
587 3564 720 3623 cuneos,
743 3552 801 3609 aut
823 3550 965 3612 armaria
978 3554 1150 3613 exstructa
1164 3550 1284 3614 biblio-

174 3652 325 3736 potarum
347 3661 381 3717 et
399 3646 694 3713 bibliothecarum!
738 3647 875 3732 lipsius
892 3652 927 3713 in
951 3650 1045 3733 Synt.
1068 3650 1111 3715 de
1130 3649 1282 3715 biblioth.

176 3774 206 3819 c.
219 3754 273 3818 10.
295 3753 359 3818 huc
384 3754 484 3818 etiarn
508 3750 604 3816 refert
617 3758 713 3816 vetus
734 3750 909 3829 distichon,
931 3752 1069 3832 imagini
1084 3750 1283 3834 Virgilianae

175 3856 411 3939 subseripmm,
446 3854 577 3919 ‘Lucis
606 3853 727 3918 damna
754 3852 839 3916 nihil
870 3858 962 3917 tanto
990 3872 1131 3917 nocuere
1159 3853 1286 3936 poete,

175 3956 285 4037 Quom
308 3963 490 4041 praesentat
513 3957 619 4021 honos
646 3958 804 4023 carminis
829 3961 862 4021 et
883 3954 1011 4037 plutei,’
1037 3955 1083 4032 (b.
1098 3974 1128 4018 e.
1153 3952 1285 4020 videtur

174 4062 299 4138 vivere,
327 4062 386 4144 qni
410 4058 562 4123 inlibris
586 4065 620 4123 et
646 4060 791 4141 imagine
813 4056 912 4141 vivit)
939 4064 972 4121 et
996 4056 1102 4141 sigilla
1126 4053 1282 4140 pietantia

174 4180 230 4246 ap.
244 4160 318 4227 Cic.
334 4162 377 4227 ad
394 4163 465 4227 Att.
482 4177 509 4226 1.
523 4161 578 4226 10.
599 4160 658 4227 ubi
681 4168 792 4225 tamen
819 4160 937 4243 optimi
958 4160 1035 4225 libri
1057 4156 1199 4244 sigillata
1219 4178 1281 4244 pu·

173 4262 272 4327 tentio
286 4265 451 4330 exhibent
1187 4248 1195 4262 ’

239 4380 328 4447 Debb.
339 4388 364 4434 ot
380 4384 438 4435 Ver·
450 4382 516 4435 Ciu.
692 4380 751 4431 dar.
1188 4378 1215 4431 0
1353 4394 1357 4400 ’
