<?xml version="1.0" encoding="UTF-8"?>
<!DOCTYPE html PUBLIC "-//W3C//DTD XHTML 1.0 Transitional//EN"
    "http://www.w3.org/TR/xhtml1/DTD/xhtml1-transitional.dtd">
<html xmlns="http://www.w3.org/1999/xhtml" xml:lang="en" lang="en">
 <head>
  <title>
</title>
<meta http-equiv="Content-Type" content="text/html;charset=utf-8" />
  <meta name='ocr-system' content='tesseract 3.04.00' />
  <meta name='ocr-capabilities' content='ocr_page ocr_carea ocr_par ocr_line ocrx_word'/>
</head>
<body>
  <div class='ocr_page' id='page_1' title='image "./operaomnia00juvegoog_0040.png"; bbox 0 0 3184 4917; ppageno 0'>
   <div class='ocr_carea' id='block_1_1' title="bbox 794 426 883 474">
    <p class='ocr_par' dir='ltr' id='par_1_1' title="bbox 794 426 883 474">
     <span class='ocr_line' id='line_1_1' title="bbox 794 426 883 474; baseline 0.011 -2"><span class='ocrx_word' id='word_1_1' title='bbox 794 426 883 474; x_wconf 75' lang='lat' dir='ltr'><strong>Vl&#39;l&#39;A</strong></span> 
     </span>
    </p>
   </div>
   <div class='ocr_carea' id='block_1_2' title="bbox 678 618 1002 688">
    <p class='ocr_par' dir='ltr' id='par_1_2' title="bbox 678 618 1002 688">
     <span class='ocr_line' id='line_1_2' title="bbox 678 618 1002 688; baseline -0.006 -1"><span class='ocrx_word' id='word_1_2' title='bbox 678 622 747 688; x_wconf 87' lang='lat' dir='ltr'><strong>CL.</strong></span> <span class='ocrx_word' id='word_1_3' title='bbox 774 618 1002 687; x_wconf 82' lang='lat' dir='ltr'><strong>SALMASII</strong></span> 
     </span>
    </p>
   </div>
   <div class='ocr_carea' id='block_1_3' title="bbox 289 754 1389 1049">
    <p class='ocr_par' dir='ltr' id='par_1_3' title="bbox 289 754 1389 1049">
     <span class='ocr_line' id='line_1_3' title="bbox 289 754 1389 841; baseline -0.004 -16"><span class='ocrx_word' id='word_1_4' title='bbox 289 758 328 825; x_wconf 92' lang='lat' dir='ltr'><strong>ln</strong></span> <span class='ocrx_word' id='word_1_5' title='bbox 352 760 527 825; x_wconf 81' lang='lat' dir='ltr'><strong>luvenalis</strong></span> <span class='ocrx_word' id='word_1_6' title='bbox 549 758 677 838; x_wconf 84' lang='lat' dir='ltr'>Vitam,</span> <span class='ocrx_word' id='word_1_7' title='bbox 701 781 722 824; x_wconf 89' lang='lat' dir='ltr'><strong>o</strong></span> <span class='ocrx_word' id='word_1_8' title='bbox 736 758 907 836; x_wconf 83' lang='lat' dir='ltr'><strong>Suetonio,</strong></span> <span class='ocrx_word' id='word_1_9' title='bbox 921 763 958 822; x_wconf 93' lang='lat' dir='ltr'><strong>ut</strong></span> <span class='ocrx_word' id='word_1_10' title='bbox 972 756 1074 838; x_wconf 83' lang='lat' dir='ltr'><strong>vulgo</strong></span> <span class='ocrx_word' id='word_1_11' title='bbox 1087 760 1215 841; x_wconf 82' lang='lat' dir='ltr'><strong>putant,</strong></span> <span class='ocrx_word' id='word_1_12' title='bbox 1229 754 1389 839; x_wconf 77' lang='lat' dir='ltr'><strong>scriptam</strong></span> 
     </span>
     <span class='ocr_line' id='line_1_4' title="bbox 330 856 1389 944; baseline -0.008 -17"><span class='ocrx_word' id='word_1_13' title='bbox 330 861 604 938; x_wconf 83' lang='lat' dir='ltr'><strong>Commentarius,</strong></span> <span class='ocrx_word' id='word_1_14' title='bbox 620 862 677 944; x_wconf 90' lang='lat' dir='ltr'><strong>qui</strong></span> <span class='ocrx_word' id='word_1_15' title='bbox 701 862 820 943; x_wconf 86' lang='lat' dir='ltr'><strong>legitur</strong></span> <span class='ocrx_word' id='word_1_16' title='bbox 843 861 878 923; x_wconf 92' lang='lat' dir='ltr'><strong>in</strong></span> <span class='ocrx_word' id='word_1_17' title='bbox 901 860 973 943; x_wconf 88' lang='lat' dir='ltr'><strong>ejus</strong></span> <span class='ocrx_word' id='word_1_18' title='bbox 997 858 1145 924; x_wconf 85' lang='lat' dir='ltr'><strong>Exercit.</strong></span> <span class='ocrx_word' id='word_1_19' title='bbox 1171 856 1334 922; x_wconf 85' lang='lat' dir='ltr'><strong>Plinianis</strong></span> <span class='ocrx_word' id='word_1_20' title='bbox 1355 858 1389 921; x_wconf 92' lang='lat' dir='ltr'><strong>in</strong></span> 
     </span>
     <span class='ocr_line' id='line_1_5' title="bbox 328 958 1046 1049; baseline -0.006 -19"><span class='ocrx_word' id='word_1_21' title='bbox 328 964 433 1030; x_wconf 91' lang='lat' dir='ltr'><strong>Solini</strong></span> <span class='ocrx_word' id='word_1_22' title='bbox 450 985 479 1028; x_wconf 91' lang='lat' dir='ltr'><strong>c.</strong></span> <span class='ocrx_word' id='word_1_23' title='bbox 495 965 548 1028; x_wconf 78' lang='lat'><strong>32.</strong></span> <span class='ocrx_word' id='word_1_24' title='bbox 563 985 598 1047; x_wconf 89' lang='lat' dir='ltr'><strong>p.</strong></span> <span class='ocrx_word' id='word_1_25' title='bbox 613 964 689 1028; x_wconf 85' lang='lat'><strong>319.</strong></span> <span class='ocrx_word' id='word_1_26' title='bbox 703 983 777 1049; x_wconf 90' lang='lat' dir='ltr'><strong>sqq.</strong></span> <span class='ocrx_word' id='word_1_27' title='bbox 792 963 848 1041; x_wconf 88' lang='lat' dir='ltr'><strong>(al.</strong></span> <span class='ocrx_word' id='word_1_28' title='bbox 863 964 939 1027; x_wconf 79' lang='grc'><strong>449.</strong></span> <span class='ocrx_word' id='word_1_29' title='bbox 954 958 1046 1046; x_wconf 86' lang='lat' dir='ltr'><strong>sqq.)</strong></span> 
     </span>
    </p>
   </div>
   <div class='ocr_carea' id='block_1_4' title="bbox 284 1191 1391 2803">
    <p class='ocr_par' dir='ltr' id='par_1_4' title="bbox 284 1191 1391 2803">
     <span class='ocr_line' id='line_1_6' title="bbox 286 1191 1387 1275; baseline -0.004 -18"><span class='ocrx_word' id='word_1_30' title='bbox 286 1194 451 1261; x_wconf 75' lang='lat' dir='ltr'><strong>Surruns</strong></span> <span class='ocrx_word' id='word_1_31' title='bbox 477 1195 670 1259; x_wconf 84' lang='lat' dir='ltr'><strong>Juvenelem</strong></span> <span class='ocrx_word' id='word_1_32' title='bbox 700 1196 733 1256; x_wconf 90' lang='lat' dir='ltr'><strong>in</strong></span> <span class='ocrx_word' id='word_1_33' title='bbox 759 1194 837 1264; x_wconf 87' lang='lat' dir='ltr'><strong>loco</strong></span> <span class='ocrx_word' id='word_1_34' title='bbox 863 1194 956 1259; x_wconf 84' lang='lat' dir='ltr'><strong>exilii</strong></span> <span class='ocrx_word' id='word_1_35' title='bbox 977 1194 1165 1275; x_wconf 83' lang='lat' dir='ltr'><strong>scripsisse,</strong></span> <span class='ocrx_word' id='word_1_36' title='bbox 1191 1191 1256 1254; x_wconf 91' lang='lat' dir='ltr'><strong>hoc</strong></span> <span class='ocrx_word' id='word_1_37' title='bbox 1279 1194 1330 1254; x_wconf 89' lang='lat' dir='ltr'><strong>est</strong></span> <span class='ocrx_word' id='word_1_38' title='bbox 1354 1192 1387 1253; x_wconf 87' lang='lat' dir='ltr'><strong>in</strong></span> 
     </span>
     <span class='ocr_line' id='line_1_7' title="bbox 286 1294 1386 1379; baseline -0.003 -21"><span class='ocrx_word' id='word_1_39' title='bbox 286 1295 445 1379; x_wconf 85' lang='lat' dir='ltr'><strong>AEgypto,</strong></span> <span class='ocrx_word' id='word_1_40' title='bbox 474 1300 572 1376; x_wconf 86' lang='lat' dir='ltr'><strong>atque</strong></span> <span class='ocrx_word' id='word_1_41' title='bbox 603 1295 651 1357; x_wconf 92' lang='lat' dir='ltr'><strong>ibi</strong></span> <span class='ocrx_word' id='word_1_42' title='bbox 680 1294 863 1357; x_wconf 85' lang='lat' dir='ltr'><strong>decessisse</strong></span> <span class='ocrx_word' id='word_1_43' title='bbox 891 1294 1001 1377; x_wconf 84' lang='lat' dir='ltr'><strong>placet</strong></span> <span class='ocrx_word' id='word_1_44' title='bbox 1025 1294 1195 1377; x_wconf 87' lang='lat' dir='ltr'><strong>plerisque</strong></span> <span class='ocrx_word' id='word_1_45' title='bbox 1222 1297 1386 1357; x_wconf 85' lang='lat' dir='ltr'><strong>veterum:</strong></span> 
     </span>
     <span class='ocr_line' id='line_1_8' title="bbox 285 1392 1389 1480; baseline -0.001 -23"><span class='ocrx_word' id='word_1_46' title='bbox 285 1397 422 1458; x_wconf 90' lang='lat' dir='ltr'><strong>missum</strong></span> <span class='ocrx_word' id='word_1_47' title='bbox 437 1403 545 1459; x_wconf 87' lang='lat' dir='ltr'><strong>autern</strong></span> <span class='ocrx_word' id='word_1_48' title='bbox 560 1416 617 1477; x_wconf 88' lang='lat' dir='ltr'><strong>per</strong></span> <span class='ocrx_word' id='word_1_49' title='bbox 632 1397 777 1479; x_wconf 87' lang='lat' dir='ltr'><strong>speciem</strong></span> <span class='ocrx_word' id='word_1_50' title='bbox 791 1396 924 1459; x_wconf 88' lang='lat' dir='ltr'><strong>honoris</strong></span> <span class='ocrx_word' id='word_1_51' title='bbox 945 1398 980 1459; x_wconf 91' lang='lat' dir='ltr'><strong>in</strong></span> <span class='ocrx_word' id='word_1_52' title='bbox 995 1396 1178 1480; x_wconf 83' lang='lat' dir='ltr'><strong>AEgyptum</strong></span> <span class='ocrx_word' id='word_1_53' title='bbox 1192 1394 1236 1457; x_wconf 85' lang='lat' dir='ltr'><strong>ad</strong></span> <span class='ocrx_word' id='word_1_54' title='bbox 1250 1392 1389 1479; x_wconf 73' lang='lat' dir='ltr'><strong>preelec-</strong></span> 
     </span>
     <span class='ocr_line' id='line_1_9' title="bbox 285 1496 1388 1583; baseline -0.002 -24"><span class='ocrx_word' id='word_1_55' title='bbox 285 1504 391 1561; x_wconf 81' lang='lat' dir='ltr'><strong>tumm</strong></span> <span class='ocrx_word' id='word_1_56' title='bbox 407 1496 551 1561; x_wconf 80' lang='lat' dir='ltr'><strong>cohortis</strong></span> <span class='ocrx_word' id='word_1_57' title='bbox 568 1500 630 1561; x_wconf 91' lang='lat' dir='ltr'><strong>sub</strong></span> <span class='ocrx_word' id='word_1_58' title='bbox 646 1498 851 1576; x_wconf 81' lang='lat' dir='ltr'><strong>Domitiano,</strong></span> <span class='ocrx_word' id='word_1_59' title='bbox 867 1499 956 1583; x_wconf 89' lang='lat' dir='ltr'><strong>quod</strong></span> <span class='ocrx_word' id='word_1_60' title='bbox 971 1499 1128 1563; x_wconf 85' lang='lat' dir='ltr'><strong>Paridem</strong></span> <span class='ocrx_word' id='word_1_61' title='bbox 1141 1497 1388 1562; x_wconf 81' lang='lat' dir='ltr'><strong>Pantomimum</strong></span> 
     </span>
     <span class='ocr_line' id='line_1_10' title="bbox 284 1598 1389 1683; baseline -0.002 -21"><span class='ocrx_word' id='word_1_62' title='bbox 284 1599 320 1662; x_wconf 92' lang='lat' dir='ltr'><strong>in</strong></span> <span class='ocrx_word' id='word_1_63' title='bbox 336 1600 413 1662; x_wconf 83' lang='lat' dir='ltr'><strong>aula</strong></span> <span class='ocrx_word' id='word_1_64' title='bbox 424 1604 500 1661; x_wconf 89' lang='lat' dir='ltr'><strong>tunc</strong></span> <span class='ocrx_word' id='word_1_65' title='bbox 516 1600 694 1681; x_wconf 85' lang='lat' dir='ltr'><strong>gratiosum</strong></span> <span class='ocrx_word' id='word_1_66' title='bbox 710 1602 834 1683; x_wconf 90' lang='lat' dir='ltr'><strong>scripto</strong></span> <span class='ocrx_word' id='word_1_67' title='bbox 850 1602 985 1666; x_wconf 79' lang='lat' dir='ltr'><strong>satirico</strong></span> <span class='ocrx_word' id='word_1_68' title='bbox 995 1600 1148 1678; x_wconf 85' lang='lat' dir='ltr'><strong>laesisset,</strong></span> <span class='ocrx_word' id='word_1_69' title='bbox 1164 1601 1294 1667; x_wconf 76' lang='lat' dir='ltr'><strong>uadunt</strong></span> <span class='ocrx_word' id='word_1_70' title='bbox 1308 1598 1389 1675; x_wconf 92' lang='lat' dir='ltr'><strong>Dio,</strong></span> 
     </span>
     <span class='ocr_line' id='line_1_11' title="bbox 285 1700 1389 1777; baseline 0 -14"><span class='ocrx_word' id='word_1_71' title='bbox 285 1700 419 1777; x_wconf 82' lang='lat' dir='ltr'><strong>Suidas,</strong></span> <span class='ocrx_word' id='word_1_72' title='bbox 433 1706 466 1763; x_wconf 89' lang='lat' dir='ltr'><strong>et</strong></span> <span class='ocrx_word' id='word_1_73' title='bbox 489 1708 582 1765; x_wconf 88' lang='lat' dir='ltr'><strong>vetus</strong></span> <span class='ocrx_word' id='word_1_74' title='bbox 608 1702 721 1765; x_wconf 91' lang='lat' dir='ltr'><strong>Schol.</strong></span> <span class='ocrx_word' id='word_1_75' title='bbox 747 1702 790 1766; x_wconf 81' lang='lat' dir='ltr'><strong>ud</strong></span> <span class='ocrx_word' id='word_1_76' title='bbox 812 1703 883 1766; x_wconf 84' lang='lat' dir='ltr'><strong>Set.</strong></span> <span class='ocrx_word' id='word_1_77' title='bbox 907 1716 960 1767; x_wconf 83' lang='lat' dir='ltr'><strong>lv.</strong></span> <span class='ocrx_word' id='word_1_78' title='bbox 975 1702 1031 1767; x_wconf 79' lang='grc'><strong>38,</strong></span> <span class='ocrx_word' id='word_1_79' title='bbox 1078 1702 1158 1766; x_wconf 90' lang='lat' dir='ltr'><strong>Hoc</strong></span> <span class='ocrx_word' id='word_1_80' title='bbox 1183 1704 1335 1765; x_wconf 90' lang='lat' dir='ltr'><strong>ultimum</strong></span> <span class='ocrx_word' id='word_1_81' title='bbox 1359 1700 1389 1764; x_wconf 89' lang='lat' dir='ltr'><strong>si</strong></span> 
     </span>
     <span class='ocr_line' id='line_1_12' title="bbox 284 1802 1389 1889; baseline 0.002 -24"><span class='ocrx_word' id='word_1_82' title='bbox 284 1802 412 1867; x_wconf 78' lang='lat' dir='ltr'><strong>veritati</strong></span> <span class='ocrx_word' id='word_1_83' title='bbox 428 1810 681 1867; x_wconf 82' lang='lat' dir='ltr'><strong>cousentaneum</strong></span> <span class='ocrx_word' id='word_1_84' title='bbox 704 1811 766 1879; x_wconf 90' lang='lat' dir='ltr'><strong>est,</strong></span> <span class='ocrx_word' id='word_1_85' title='bbox 791 1811 922 1889; x_wconf 84' lang='lat' dir='ltr'><strong>oportet</strong></span> <span class='ocrx_word' id='word_1_86' title='bbox 941 1826 1016 1869; x_wconf 91' lang='lat' dir='ltr'><strong>eum</strong></span> <span class='ocrx_word' id='word_1_87' title='bbox 1029 1803 1166 1868; x_wconf 89' lang='lat' dir='ltr'><strong>rediisse</strong></span> <span class='ocrx_word' id='word_1_88' title='bbox 1180 1808 1258 1887; x_wconf 88' lang='lat' dir='ltr'><strong>post</strong></span> <span class='ocrx_word' id='word_1_89' title='bbox 1272 1802 1389 1867; x_wconf 91' lang='lat' dir='ltr'><strong>Domi·</strong></span> 
     </span>
     <span class='ocr_line' id='line_1_13' title="bbox 284 1904 1389 1990; baseline 0.004 -24"><span class='ocrx_word' id='word_1_90' title='bbox 284 1904 366 1967; x_wconf 83' lang='lat' dir='ltr'><strong>tiani</strong></span> <span class='ocrx_word' id='word_1_91' title='bbox 380 1924 573 1968; x_wconf 83' lang='lat' dir='ltr'><strong>excessum:</strong></span> <span class='ocrx_word' id='word_1_92' title='bbox 595 1924 671 1967; x_wconf 83' lang='lat' dir='ltr'><strong>nem</strong></span> <span class='ocrx_word' id='word_1_93' title='bbox 695 1910 728 1966; x_wconf 87' lang='lat' dir='ltr'><strong>et</strong></span> <span class='ocrx_word' id='word_1_94' title='bbox 755 1904 877 1969; x_wconf 85' lang='lat' dir='ltr'><strong>Romoe</strong></span> <span class='ocrx_word' id='word_1_95' title='bbox 897 1907 1028 1969; x_wconf 85' lang='lat' dir='ltr'><strong>vixisse</strong></span> <span class='ocrx_word' id='word_1_96' title='bbox 1051 1910 1130 1990; x_wconf 90' lang='lat' dir='ltr'><strong>post</strong></span> <span class='ocrx_word' id='word_1_97' title='bbox 1151 1904 1389 1981; x_wconf 84' lang='lat' dir='ltr'><strong>Domitianum,</strong></span> 
     </span>
     <span class='ocr_line' id='line_1_14' title="bbox 285 2004 1387 2088; baseline 0.002 -24"><span class='ocrx_word' id='word_1_98' title='bbox 285 2008 318 2066; x_wconf 86' lang='lat' dir='ltr'><strong>et</strong></span> <span class='ocrx_word' id='word_1_99' title='bbox 332 2006 503 2087; x_wconf 85' lang='lat' dir='ltr'><strong>scripsisse</strong></span> <span class='ocrx_word' id='word_1_100' title='bbox 518 2006 623 2068; x_wconf 82' lang='lat' dir='ltr'><strong>multa</strong></span> <span class='ocrx_word' id='word_1_101' title='bbox 637 2014 722 2082; x_wconf 90' lang='lat' dir='ltr'><strong>sunt,</strong></span> <span class='ocrx_word' id='word_1_102' title='bbox 734 2027 809 2088; x_wconf 79' lang='lat' dir='ltr'><strong>quse</strong></span> <span class='ocrx_word' id='word_1_103' title='bbox 825 2006 953 2071; x_wconf 84' lang='lat' dir='ltr'><strong>faciant</strong></span> <span class='ocrx_word' id='word_1_104' title='bbox 965 2006 1075 2072; x_wconf 87' lang='lat' dir='ltr'><strong>iidem.</strong></span> <span class='ocrx_word' id='word_1_105' title='bbox 1100 2006 1267 2070; x_wconf 83' lang='lat' dir='ltr'><strong>Martialis</strong></span> <span class='ocrx_word' id='word_1_106' title='bbox 1280 2004 1303 2067; x_wconf 92' lang='lat' dir='ltr'><strong>l.</strong></span> <span class='ocrx_word' id='word_1_107' title='bbox 1317 2020 1387 2067; x_wconf 82' lang='lat' dir='ltr'><strong>xri.</strong></span> 
     </span>
     <span class='ocr_line' id='line_1_15' title="bbox 286 2104 1389 2192; baseline 0.004 -25"><span class='ocrx_word' id='word_1_108' title='bbox 286 2104 576 2187; x_wconf 82' lang='lat' dir='ltr'><strong>Epigrammatum,</strong></span> <span class='ocrx_word' id='word_1_109' title='bbox 590 2126 666 2189; x_wconf 87' lang='lat' dir='ltr'><strong>quae</strong></span> <span class='ocrx_word' id='word_1_110' title='bbox 678 2108 740 2171; x_wconf 91' lang='lat' dir='ltr'><strong>sub</strong></span> <span class='ocrx_word' id='word_1_111' title='bbox 750 2107 896 2192; x_wconf 79' lang='lat' dir='ltr'><strong>Trojano</strong></span> <span class='ocrx_word' id='word_1_112' title='bbox 910 2110 1139 2192; x_wconf 68' lang='lat' dir='ltr'><strong>compositast</strong></span> <span class='ocrx_word' id='word_1_113' title='bbox 1153 2108 1292 2172; x_wconf 85' lang='lat' dir='ltr'><strong>collecta</strong></span> <span class='ocrx_word' id='word_1_114' title='bbox 1302 2114 1389 2185; x_wconf 90' lang='lat' dir='ltr'><strong>sunt,</strong></span> 
     </span>
     <span class='ocr_line' id='line_1_16' title="bbox 287 2204 1389 2293; baseline -0.002 -22"><span class='ocrx_word' id='word_1_115' title='bbox 287 2206 406 2273; x_wconf 74' lang='lat' dir='ltr'><strong>Romae</strong></span> <span class='ocrx_word' id='word_1_116' title='bbox 421 2228 496 2272; x_wconf 89' lang='lat' dir='ltr'><strong>eum</strong></span> <span class='ocrx_word' id='word_1_117' title='bbox 511 2216 588 2273; x_wconf 89' lang='lat' dir='ltr'><strong>tunc</strong></span> <span class='ocrx_word' id='word_1_118' title='bbox 603 2210 706 2273; x_wconf 78' lang='lat' dir='ltr'><strong>tuisse</strong></span> <span class='ocrx_word' id='word_1_119' title='bbox 721 2216 835 2293; x_wconf 79' lang='lat' dir='ltr'><strong>operte</strong></span> <span class='ocrx_word' id='word_1_120' title='bbox 849 2208 995 2274; x_wconf 80' lang='lat' dir='ltr'><strong>ostendit</strong></span> <span class='ocrx_word' id='word_1_121' title='bbox 1009 2209 1210 2293; x_wconf 71' lang='lat' dir='ltr'><strong>Epigrnmm.</strong></span> <span class='ocrx_word' id='word_1_122' title='bbox 1228 2208 1278 2271; x_wconf 81' lang='lat'><strong>18.</strong></span> <span class='ocrx_word' id='word_1_123' title='bbox 1303 2204 1389 2269; x_wconf 76' lang='lat' dir='ltr'><strong>Dour</strong></span> 
     </span>
     <span class='ocr_line' id='line_1_17' title="bbox 286 2306 1391 2395; baseline 0 -23"><span class='ocrx_word' id='word_1_124' title='bbox 286 2322 319 2372; x_wconf 83' lang='lat' dir='ltr'><strong>tu</strong></span> <span class='ocrx_word' id='word_1_125' title='bbox 334 2308 479 2395; x_wconf 77' lang='lat' dir='ltr'><strong>forsitan</strong></span> <span class='ocrx_word' id='word_1_126' title='bbox 498 2310 653 2395; x_wconf 76' lang='lat' dir='ltr'><strong>inquietus</strong></span> <span class='ocrx_word' id='word_1_127' title='bbox 677 2330 761 2373; x_wconf 80' lang='lat' dir='ltr'><strong>erres</strong></span> <span class='ocrx_word' id='word_1_128' title='bbox 783 2308 930 2374; x_wconf 78' lang='lat' dir='ltr'><strong>Clamoso</strong></span> <span class='ocrx_word' id='word_1_129' title='bbox 959 2309 1124 2375; x_wconf 76' lang='lat' dir='ltr'><strong>decenniis</strong></span> <span class='ocrx_word' id='word_1_130' title='bbox 1138 2310 1171 2372; x_wconf 81' lang='lat' dir='ltr'><strong>in</strong></span> <span class='ocrx_word' id='word_1_131' title='bbox 1190 2308 1328 2384; x_wconf 77' lang='lat' dir='ltr'><strong>Subura,</strong></span> <span class='ocrx_word' id='word_1_132' title='bbox 1345 2306 1391 2372; x_wconf 80' lang='lat' dir='ltr'><strong>Et</strong></span> 
     </span>
     <span class='ocr_line' id='line_1_18' title="bbox 286 2407 1390 2497; baseline 0 -24"><span class='ocrx_word' id='word_1_133' title='bbox 286 2408 391 2473; x_wconf 83' lang='lat' dir='ltr'><strong>collem</strong></span> <span class='ocrx_word' id='word_1_134' title='bbox 405 2408 534 2473; x_wconf 80' lang='lat' dir='ltr'><strong>dominer</strong></span> <span class='ocrx_word' id='word_1_135' title='bbox 550 2411 624 2475; x_wconf 80' lang='lat' dir='ltr'><strong>teris</strong></span> <span class='ocrx_word' id='word_1_136' title='bbox 643 2407 770 2491; x_wconf 75' lang='lat' dir='ltr'><strong>Dionen,</strong></span> <span class='ocrx_word' id='word_1_137' title='bbox 796 2419 859 2478; x_wconf 81' lang='lat' dir='ltr'><strong>cet.</strong></span> <span class='ocrx_word' id='word_1_138' title='bbox 904 2412 993 2497; x_wconf 82' lang='lat' dir='ltr'><strong>Ergo</strong></span> <span class='ocrx_word' id='word_1_139' title='bbox 1018 2412 1139 2479; x_wconf 83' lang='lat' dir='ltr'><strong>Romae</strong></span> <span class='ocrx_word' id='word_1_140' title='bbox 1163 2418 1244 2488; x_wconf 82' lang='lat' dir='ltr'><strong>erat,</strong></span> <span class='ocrx_word' id='word_1_141' title='bbox 1268 2431 1332 2475; x_wconf 91' lang='lat' dir='ltr'><strong>non</strong></span> <span class='ocrx_word' id='word_1_142' title='bbox 1355 2412 1390 2478; x_wconf 89' lang='lat' dir='ltr'><strong>in</strong></span> 
     </span>
     <span class='ocr_line' id='line_1_19' title="bbox 286 2510 1389 2597; baseline 0.001 -22"><span class='ocrx_word' id='word_1_143' title='bbox 286 2510 446 2593; x_wconf 78' lang='lat' dir='ltr'><strong>AEgypto,</strong></span> <span class='ocrx_word' id='word_1_144' title='bbox 461 2530 538 2575; x_wconf 92' lang='lat' dir='ltr'><strong>cum</strong></span> <span class='ocrx_word' id='word_1_145' title='bbox 553 2510 694 2577; x_wconf 80' lang='lat' dir='ltr'><strong>Satiraur</strong></span> <span class='ocrx_word' id='word_1_146' title='bbox 709 2528 774 2578; x_wconf 82' lang='lat' dir='ltr'><strong>xv.</strong></span> <span class='ocrx_word' id='word_1_147' title='bbox 788 2512 831 2577; x_wconf 87' lang='lat' dir='ltr'><strong>de</strong></span> <span class='ocrx_word' id='word_1_148' title='bbox 846 2514 1136 2597; x_wconf 84' lang='lat' dir='ltr'><strong>superstitionibus</strong></span> <span class='ocrx_word' id='word_1_149' title='bbox 1145 2513 1284 2596; x_wconf 79' lang='lat' dir='ltr'><strong>AEgypti</strong></span> <span class='ocrx_word' id='word_1_150' title='bbox 1298 2512 1389 2576; x_wconf 86' lang='lat' dir='ltr'><strong>ludc-</strong></span> 
     </span>
     <span class='ocr_line' id='line_1_20' title="bbox 285 2610 1390 2700; baseline 0.001 -25"><span class='ocrx_word' id='word_1_151' title='bbox 285 2612 353 2688; x_wconf 83' lang='lat' dir='ltr'><strong>bet,</strong></span> <span class='ocrx_word' id='word_1_152' title='bbox 368 2620 401 2675; x_wconf 91' lang='lat' dir='ltr'><strong>ct</strong></span> <span class='ocrx_word' id='word_1_153' title='bbox 414 2610 535 2675; x_wconf 82' lang='lat' dir='ltr'><strong>salsum</strong></span> <span class='ocrx_word' id='word_1_154' title='bbox 551 2614 632 2678; x_wconf 92' lang='lat' dir='ltr'><strong>dicit</strong></span> <span class='ocrx_word' id='word_1_155' title='bbox 646 2620 742 2677; x_wconf 76' lang='lat' dir='ltr'><strong>vetus</strong></span> <span class='ocrx_word' id='word_1_156' title='bbox 757 2616 929 2698; x_wconf 79' lang='lat' dir='ltr'><strong>interpres,</strong></span> <span class='ocrx_word' id='word_1_157' title='bbox 946 2616 1002 2700; x_wconf 90' lang='lat' dir='ltr'><strong>qui</strong></span> <span class='ocrx_word' id='word_1_158' title='bbox 1020 2615 1176 2697; x_wconf 82' lang='lat' dir='ltr'><strong>scriptam</strong></span> <span class='ocrx_word' id='word_1_159' title='bbox 1192 2615 1226 2676; x_wconf 93' lang='lat' dir='ltr'><strong>in</strong></span> <span class='ocrx_word' id='word_1_160' title='bbox 1240 2614 1390 2697; x_wconf 79' lang='lat' dir='ltr'><strong>AEgypto</strong></span> 
     </span>
     <span class='ocr_line' id='line_1_21' title="bbox 285 2716 1390 2803; baseline -0.004 -20"><span class='ocrx_word' id='word_1_161' title='bbox 285 2718 413 2787; x_wconf 79' lang='lat' dir='ltr'><strong>usserit.</strong></span> <span class='ocrx_word' id='word_1_162' title='bbox 457 2716 623 2797; x_wconf 80' lang='lat' dir='ltr'><strong>Hadriani</strong></span> <span class='ocrx_word' id='word_1_163' title='bbox 641 2720 842 2803; x_wconf 86' lang='lat' dir='ltr'><strong>temporibus</strong></span> <span class='ocrx_word' id='word_1_164' title='bbox 867 2720 1071 2786; x_wconf 68' lang='lat' dir='ltr'><strong>deboratnm</strong></span> <span class='ocrx_word' id='word_1_165' title='bbox 1097 2722 1238 2801; x_wconf 72' lang='lat' dir='ltr'><strong>mgrruut</strong></span> <span class='ocrx_word' id='word_1_166' title='bbox 1259 2716 1327 2784; x_wconf 84' lang='lat' dir='ltr'><strong>ista</strong></span> <span class='ocrx_word' id='word_1_167' title='bbox 1344 2736 1390 2779; x_wconf 86' lang='lat' dir='ltr'><strong>ex</strong></span> 
     </span>
    </p>
   </div>
   <div class='ocr_carea' id='block_1_5' title="bbox 154 2806 621 2883">
    <p class='ocr_par' dir='ltr' id='par_1_5' title="bbox 154 2806 621 2883">
     <span class='ocr_line' id='line_1_22' title="bbox 154 2806 621 2883; baseline 0.002 -3"><span class='ocrx_word' id='word_1_168' title='bbox 154 2806 158 2815; x_wconf 85' lang='grc'><strong>’</strong></span> <span class='ocrx_word' id='word_1_169' title='bbox 282 2818 399 2883; x_wconf 79' lang='lat' dir='ltr'><strong>oedem</strong></span> <span class='ocrx_word' id='word_1_170' title='bbox 412 2818 551 2883; x_wconf 74' lang='lat' dir='ltr'><strong>Stltus.</strong></span> <span class='ocrx_word' id='word_1_171' title='bbox 567 2818 621 2882; x_wconf 81' lang='lat'><strong>27.</strong></span> 
     </span>
    </p>
   </div>
   <div class='ocr_carea' id='block_1_6' title="bbox 371 2950 1194 3117">
    <p class='ocr_par' dir='ltr' id='par_1_6' title="bbox 371 2950 1194 3117">
     <span class='ocr_line' id='line_1_23' title="bbox 371 2950 1194 3041; baseline 0.009 -28"><span class='ocrx_word' id='word_1_172' title='bbox 371 2950 437 3014; x_wconf 84' lang='lat' dir='ltr'><strong>Nos</strong></span> <span class='ocrx_word' id='word_1_173' title='bbox 452 2952 596 3016; x_wconf 77' lang='lat' dir='ltr'><strong>mirando</strong></span> <span class='ocrx_word' id='word_1_174' title='bbox 616 2954 749 3039; x_wconf 81' lang='lat' dir='ltr'><strong>quidem,</strong></span> <span class='ocrx_word' id='word_1_175' title='bbox 764 2954 818 3024; x_wconf 83' lang='lat' dir='ltr'><strong>sed</strong></span> <span class='ocrx_word' id='word_1_176' title='bbox 831 2976 929 3041; x_wconf 63' lang='grc' dir='ltr'><strong>πωρον</strong></span> <span class='ocrx_word' id='word_1_177' title='bbox 946 2952 1079 3020; x_wconf 78' lang='lat' dir='ltr'><strong>Consule</strong></span> <span class='ocrx_word' id='word_1_178' title='bbox 1094 2952 1194 3019; x_wconf 72' lang='lat' dir='ltr'><strong>lunio</strong></span> 
     </span>
     <span class='ocr_line' id='line_1_24' title="bbox 372 3051 482 3117; baseline 0 -3"><span class='ocrx_word' id='word_1_179' title='bbox 372 3051 482 3117; x_wconf 77' lang='lat' dir='ltr'><strong>Gesta.</strong></span> 
     </span>
    </p>
   </div>
   <div class='ocr_carea' id='block_1_7' title="bbox 281 3184 1390 3377">
    <p class='ocr_par' dir='ltr' id='par_1_7' title="bbox 281 3184 1390 3377">
     <span class='ocr_line' id='line_1_25' title="bbox 284 3184 1389 3273; baseline -0.002 -21"><span class='ocrx_word' id='word_1_180' title='bbox 284 3187 340 3253; x_wconf 83' lang='lat' dir='ltr'><strong>lta</strong></span> <span class='ocrx_word' id='word_1_181' title='bbox 353 3187 429 3253; x_wconf 75' lang='lat' dir='ltr'><strong>libri</strong></span> <span class='ocrx_word' id='word_1_182' title='bbox 445 3206 570 3265; x_wconf 68' lang='lat' dir='ltr'><strong>omnen,</strong></span> <span class='ocrx_word' id='word_1_183' title='bbox 585 3207 649 3255; x_wconf 85' lang='lat' dir='ltr'><strong>uou</strong></span> <span class='ocrx_word' id='word_1_184' title='bbox 668 3184 701 3251; x_wconf 85' lang='lat' dir='ltr'><em>V</em></span> <span class='ocrx_word' id='word_1_185' title='bbox 697 3190 765 3253; x_wconf 76' lang='lat' dir='ltr'><strong>ioco</strong></span> <span class='ocrx_word' id='word_1_186' title='bbox 780 3190 835 3255; x_wconf 83' lang='lat' dir='ltr'><strong>vel</strong></span> <span class='ocrx_word' id='word_1_187' title='bbox 850 3186 965 3255; x_wconf 82' lang='lat' dir='ltr'><strong>Juoco.</strong></span> <span class='ocrx_word' id='word_1_188' title='bbox 1012 3190 1244 3273; x_wconf 78' lang='lat' dir='ltr'><strong>Dissyllobum</strong></span> <span class='ocrx_word' id='word_1_189' title='bbox 1259 3194 1311 3252; x_wconf 85' lang='lat' dir='ltr'><strong>cst</strong></span> <span class='ocrx_word' id='word_1_190' title='bbox 1324 3184 1354 3253; x_wconf 82' lang='lat' dir='ltr'><em>J</em></span> <span class='ocrx_word' id='word_1_191' title='bbox 1353 3210 1389 3250; x_wconf 81' lang='lat' dir='ltr'><strong>u-</strong></span> 
     </span>
     <span class='ocr_line' id='line_1_26' title="bbox 281 3284 1390 3377; baseline 0.004 -28"><span class='ocrx_word' id='word_1_192' title='bbox 281 3289 348 3366; x_wconf 76' lang='lat' dir='ltr'><strong>uio,</strong></span> <span class='ocrx_word' id='word_1_193' title='bbox 362 3294 400 3352; x_wconf 89' lang='lat' dir='ltr'><strong>ut</strong></span> <span class='ocrx_word' id='word_1_194' title='bbox 419 3284 634 3351; x_wconf 79' lang='lat' dir='ltr'><strong>Vindemiotcr</strong></span> <span class='ocrx_word' id='word_1_195' title='bbox 645 3291 890 3377; x_wconf 71' lang='lat' dir='ltr'><strong>tetrasyllabum</strong></span> <span class='ocrx_word' id='word_1_196' title='bbox 902 3292 1059 3369; x_wconf 78' lang='lat' dir='ltr'><strong>Horatio,</strong></span> <span class='ocrx_word' id='word_1_197' title='bbox 1073 3297 1108 3354; x_wconf 87' lang='lat' dir='ltr'><strong>et</strong></span> <span class='ocrx_word' id='word_1_198' title='bbox 1123 3286 1330 3363; x_wconf 63' lang='lat' dir='ltr'><strong>Herodicum</strong></span> <span class='ocrx_word' id='word_1_199' title='bbox 1349 3295 1390 3353; x_wconf 82' lang='lat' dir='ltr'><strong>nt</strong></span> 
     </span>
    </p>
   </div>
   <div class='ocr_carea' id='block_1_8' title="bbox 783 3422 889 3476">
    <p class='ocr_par' dir='ltr' id='par_1_8' title="bbox 783 3422 889 3476">
     <span class='ocr_line' id='line_1_27' title="bbox 783 3422 889 3476; baseline -0.009 -3"><span class='ocrx_word' id='word_1_200' title='bbox 783 3422 889 3476; x_wconf 69' lang='lat' dir='ltr'><strong>biom</strong></span> 
     </span>
    </p>
   </div>
   <div class='ocr_carea' id='block_1_9' title="bbox 281 3515 1391 4332">
    <p class='ocr_par' dir='ltr' id='par_1_9' title="bbox 282 3515 1391 4267">
     <span class='ocr_line' id='line_1_28' title="bbox 284 3515 1390 3584; baseline 0.003 -18"><span class='ocrx_word' id='word_1_201' title='bbox 284 3516 401 3582; x_wconf 82' lang='lat' dir='ltr'><strong>perierit,</strong></span> <span class='ocrx_word' id='word_1_202' title='bbox 416 3516 545 3581; x_wconf 77' lang='lat' dir='ltr'><strong>quomodo</strong></span> <span class='ocrx_word' id='word_1_203' title='bbox 567 3531 584 3565; x_wconf 82' lang='grc' dir='ltr'>ι</span> <span class='ocrx_word' id='word_1_204' title='bbox 606 3515 755 3566; x_wconf 74' lang='lat' dir='ltr'><strong>Douritim</strong></span> <span class='ocrx_word' id='word_1_205' title='bbox 771 3533 816 3567; x_wconf 79' lang='lat' dir='ltr'><strong>en·</strong></span> <span class='ocrx_word' id='word_1_206' title='bbox 856 3526 880 3569; x_wconf 79' lang='lat' dir='ltr'><strong>ct</strong></span> <span class='ocrx_word' id='word_1_207' title='bbox 910 3519 1009 3581; x_wconf 61' lang='lat' dir='ltr'><strong>liutem</strong></span> <span class='ocrx_word' id='word_1_208' title='bbox 1034 3519 1196 3584; x_wconf 67' lang='lat' dir='ltr'><strong>principetur</strong></span> <span class='ocrx_word' id='word_1_209' title='bbox 1223 3519 1390 3584; x_wconf 60' lang='lat' dir='ltr'><strong>apertisime</strong></span> 
     </span>
     <span class='ocr_line' id='line_1_29' title="bbox 283 3595 1391 3661; baseline -0.005 -10"><span class='ocrx_word' id='word_1_210' title='bbox 283 3598 391 3651; x_wconf 72' lang='lat' dir='ltr'><strong>tendere</strong></span> <span class='ocrx_word' id='word_1_211' title='bbox 404 3604 507 3647; x_wconf 72' lang='lat' dir='ltr'><strong>etatem</strong></span> <span class='ocrx_word' id='word_1_212' title='bbox 521 3596 610 3660; x_wconf 81' lang='lat' dir='ltr'><strong>potuit</strong></span> <span class='ocrx_word' id='word_1_213' title='bbox 627 3595 660 3645; x_wconf 75' lang='lat' dir='ltr'><strong>nd</strong></span> <span class='ocrx_word' id='word_1_214' title='bbox 677 3596 772 3646; x_wconf 67' lang='lat' dir='ltr'><strong>Nerva</strong></span> <span class='ocrx_word' id='word_1_215' title='bbox 786 3605 816 3647; x_wconf 81' lang='lat' dir='ltr'><strong>et</strong></span> <span class='ocrx_word' id='word_1_216' title='bbox 856 3610 921 3661; x_wconf 74' lang='lat' dir='ltr'><strong>qnos</strong></span> <span class='ocrx_word' id='word_1_217' title='bbox 931 3596 1034 3647; x_wconf 85' lang='lat' dir='ltr'><strong>demum</strong></span> <span class='ocrx_word' id='word_1_218' title='bbox 1043 3596 1149 3659; x_wconf 78' lang='lat' dir='ltr'><strong>excepit</strong></span> <span class='ocrx_word' id='word_1_219' title='bbox 1162 3596 1319 3646; x_wconf 73' lang='lat' dir='ltr'><strong>llndrlenur.</strong></span> <span class='ocrx_word' id='word_1_220' title='bbox 1344 3596 1391 3645; x_wconf 85' lang='lat' dir='ltr'><strong>Vi·</strong></span> 
     </span>
     <span class='ocr_line' id='line_1_30' title="bbox 282 3672 1390 3740; baseline -0.003 -14"><span class='ocrx_word' id='word_1_221' title='bbox 282 3676 385 3740; x_wconf 65' lang='lat' dir='ltr'><strong>&#39;l&#39;rcj&#39;nni</strong></span> <span class='ocrx_word' id='word_1_222' title='bbox 397 3673 588 3739; x_wconf 70' lang='lat' dir='ltr'><strong>principatum?</strong></span> <span class='ocrx_word' id='word_1_223' title='bbox 605 3686 668 3721; x_wconf 71' lang='lat' dir='ltr'><strong>sene</strong></span> <span class='ocrx_word' id='word_1_224' title='bbox 679 3672 817 3723; x_wconf 82' lang='lat' dir='ltr'><strong>itudeeem</strong></span> <span class='ocrx_word' id='word_1_225' title='bbox 855 3672 1178 3723; x_wconf 74' lang='lat' dir='ltr'><strong>dentureutemverbud</strong></span> <span class='ocrx_word' id='word_1_226' title='bbox 1189 3672 1313 3723; x_wconf 67' lang='lat' dir='ltr'><strong>Notae</strong></span> <span class='ocrx_word' id='word_1_227' title='bbox 1330 3672 1390 3723; x_wconf 72' lang='lat' dir='ltr'><strong>ttu-</strong></span> 
     </span>
     <span class='ocr_line' id='line_1_31' title="bbox 282 3750 1390 3816; baseline -0.004 -14"><span class='ocrx_word' id='word_1_228' title='bbox 282 3760 310 3802; x_wconf 85' lang='lat' dir='ltr'><strong>et</strong></span> <span class='ocrx_word' id='word_1_229' title='bbox 332 3754 420 3816; x_wconf 80' lang='lat' dir='ltr'><strong>plnres</strong></span> <span class='ocrx_word' id='word_1_230' title='bbox 442 3765 522 3815; x_wconf 71' lang='lat' dir='ltr'><strong>supro</strong></span> <span class='ocrx_word' id='word_1_231' title='bbox 544 3752 748 3799; x_wconf 63' lang='lat' dir='ltr'><strong>contumelium</strong></span> <span class='ocrx_word' id='word_1_232' title='bbox 772 3764 817 3798; x_wconf 76' lang='lat' dir='ltr'><strong>err·</strong></span> <span class='ocrx_word' id='word_1_233' title='bbox 849 3750 905 3811; x_wconf 72' lang='lat' dir='ltr'><strong>jerit</strong></span> <span class='ocrx_word' id='word_1_234' title='bbox 924 3751 1086 3814; x_wconf 67' lang='lat' dir='ltr'><strong>principatum</strong></span> <span class='ocrx_word' id='word_1_235' title='bbox 1104 3752 1253 3815; x_wconf 65' lang='grc' dir='ltr'><strong>προπίνω</strong></span> <span class='ocrx_word' id='word_1_236' title='bbox 1271 3765 1303 3800; x_wconf 83' lang='lat' dir='ltr'><strong>ex</strong></span> <span class='ocrx_word' id='word_1_237' title='bbox 1322 3764 1390 3799; x_wconf 79' lang='lat' dir='ltr'><strong>mr·</strong></span> 
     </span>
     <span class='ocr_line' id='line_1_32' title="bbox 282 3824 1390 3892; baseline -0.004 -16"><span class='ocrx_word' id='word_1_238' title='bbox 282 3828 366 3892; x_wconf 80' lang='lat' dir='ltr'><strong>plesse</strong></span> <span class='ocrx_word' id='word_1_239' title='bbox 387 3834 508 3890; x_wconf 82' lang='lat' dir='ltr'><strong>oportet:</strong></span> <span class='ocrx_word' id='word_1_240' title='bbox 534 3827 571 3876; x_wconf 85' lang='lat' dir='ltr'><strong>nit</strong></span> <span class='ocrx_word' id='word_1_241' title='bbox 591 3832 619 3873; x_wconf 78' lang='lat' dir='ltr'><strong>et</strong></span> <span class='ocrx_word' id='word_1_242' title='bbox 641 3824 765 3884; x_wconf 76' lang='lat' dir='ltr'><strong>Crinitus,</strong></span> <span class='ocrx_word' id='word_1_243' title='bbox 787 3840 816 3874; x_wconf 81' lang='lat' dir='ltr'><strong>se</strong></span> <span class='ocrx_word' id='word_1_244' title='bbox 857 3824 1280 3889; x_wconf 66' lang='lat' dir='ltr'><strong>gineintbmlpmlibmiornn</strong></span> <span class='ocrx_word' id='word_1_245' title='bbox 1291 3824 1390 3875; x_wconf 72' lang='lat' dir='ltr'><strong>inuria</strong></span> 
     </span>
     <span class='ocr_line' id='line_1_33' title="bbox 282 3900 1388 3965; baseline -0.003 -13"><span class='ocrx_word' id='word_1_246' title='bbox 282 3902 393 3952; x_wconf 79' lang='lat' dir='ltr'><strong>necdum</strong></span> <span class='ocrx_word' id='word_1_247' title='bbox 410 3902 539 3963; x_wconf 75' lang='lat' dir='ltr'><strong>reperisse</strong></span> <span class='ocrx_word' id='word_1_248' title='bbox 549 3900 619 3963; x_wconf 74' lang='lat' dir='ltr'><strong>apud</strong></span> <span class='ocrx_word' id='word_1_249' title='bbox 633 3906 752 3949; x_wconf 67' lang='lat' dir='ltr'><strong>anctore·</strong></span> <span class='ocrx_word' id='word_1_250' title='bbox 761 3900 816 3949; x_wconf 83' lang='lat' dir='ltr'><strong>tide</strong></span> <span class='ocrx_word' id='word_1_251' title='bbox 854 3901 963 3961; x_wconf 71' lang='lat' dir='ltr'><strong>intruso,</strong></span> <span class='ocrx_word' id='word_1_252' title='bbox 985 3902 1102 3965; x_wconf 77' lang='lat' dir='ltr'><strong>ndeeqne</strong></span> <span class='ocrx_word' id='word_1_253' title='bbox 1130 3900 1249 3949; x_wconf 68' lang='lat' dir='ltr'><strong>delendo.</strong></span> <span class='ocrx_word' id='word_1_254' title='bbox 1295 3901 1388 3963; x_wconf 74' lang='lat' dir='ltr'><strong>Neque</strong></span> 
     </span>
     <span class='ocr_line' id='line_1_34' title="bbox 282 3974 1388 4042; baseline -0.004 -14"><span class='ocrx_word' id='word_1_255' title='bbox 282 3976 545 4042; x_wconf 58' lang='lat' dir='ltr'><strong>diffinitionum</strong></span> <span class='ocrx_word' id='word_1_256' title='bbox 554 3975 601 4024; x_wconf 80' lang='lat' dir='ltr'><strong>snb</strong></span> <span class='ocrx_word' id='word_1_257' title='bbox 610 3976 755 4024; x_wconf 73' lang='lat' dir='ltr'><strong>Domitiano</strong></span> <span class='ocrx_word' id='word_1_258' title='bbox 761 3978 816 4039; x_wconf 89' lang='lat' dir='ltr'><strong>pul·</strong></span> <span class='ocrx_word' id='word_1_259' title='bbox 854 3990 915 4024; x_wconf 74' lang='lat' dir='ltr'><strong>mne</strong></span> <span class='ocrx_word' id='word_1_260' title='bbox 932 3976 965 4025; x_wconf 79' lang='lat' dir='ltr'><strong>nd</strong></span> <span class='ocrx_word' id='word_1_261' title='bbox 984 3976 1089 4041; x_wconf 73' lang='lat' dir='ltr'><strong>&#39;l&#39;rnJ&#39;nni</strong></span> <span class='ocrx_word' id='word_1_262' title='bbox 1108 3983 1223 4038; x_wconf 68' lang='lat' dir='ltr'><strong>etatem,</strong></span> <span class='ocrx_word' id='word_1_263' title='bbox 1234 3974 1280 4025; x_wconf 78' lang='lat' dir='ltr'><strong>red</strong></span> <span class='ocrx_word' id='word_1_264' title='bbox 1294 3982 1323 4024; x_wconf 83' lang='lat' dir='ltr'><strong>et</strong></span> <span class='ocrx_word' id='word_1_265' title='bbox 1334 3975 1388 4024; x_wconf 69' lang='lat' dir='ltr'><strong>llu-</strong></span> 
     </span>
     <span class='ocr_line' id='line_1_35' title="bbox 282 4048 1389 4116; baseline -0.005 -13"><span class='ocrx_word' id='word_1_266' title='bbox 282 4068 347 4103; x_wconf 81' lang='lat' dir='ltr'><strong>sum.</strong></span> <span class='ocrx_word' id='word_1_267' title='bbox 380 4051 491 4104; x_wconf 80' lang='lat' dir='ltr'><strong>Quodsi</strong></span> <span class='ocrx_word' id='word_1_268' title='bbox 506 4048 814 4101; x_wconf 61' lang='lat' dir='ltr'><strong>t&#39;orteeebvntvirinrel·</strong></span> <span class='ocrx_word' id='word_1_269' title='bbox 854 4052 940 4102; x_wconf 74' lang='lat' dir='ltr'><strong>dricni</strong></span> <span class='ocrx_word' id='word_1_270' title='bbox 951 4053 1087 4116; x_wconf 60' lang='lat' dir='ltr'><strong>perventu</strong></span> <span class='ocrx_word' id='word_1_271' title='bbox 1102 4052 1153 4101; x_wconf 80' lang='lat' dir='ltr'><strong>sub</strong></span> <span class='ocrx_word' id='word_1_272' title='bbox 1164 4051 1265 4115; x_wconf 74' lang='lat' dir='ltr'><strong>qulbus,</strong></span> <span class='ocrx_word' id='word_1_273' title='bbox 1276 4048 1389 4099; x_wconf 70' lang='lat' dir='ltr'><strong>remilla</strong></span> 
     </span>
     <span class='ocr_line' id='line_1_36' title="bbox 283 4125 1389 4192; baseline -0.004 -14"><span class='ocrx_word' id='word_1_274' title='bbox 283 4132 348 4192; x_wconf 72' lang='lat' dir='ltr'><strong>ligne</strong></span> <span class='ocrx_word' id='word_1_275' title='bbox 366 4130 503 4183; x_wconf 72' lang='lat' dir='ltr'><strong>Antinum,</strong></span> <span class='ocrx_word' id='word_1_276' title='bbox 522 4132 568 4175; x_wconf 74' lang='lat' dir='ltr'><strong>sut</strong></span> <span class='ocrx_word' id='word_1_277' title='bbox 585 4130 635 4189; x_wconf 84' lang='lat' dir='ltr'><strong>pr&#39;o</strong></span> <span class='ocrx_word' id='word_1_278' title='bbox 656 4126 726 4177; x_wconf 63' lang='lat' dir='ltr'><strong>ants</strong></span> <span class='ocrx_word' id='word_1_279' title='bbox 745 4128 815 4191; x_wconf 71' lang='lat' dir='ltr'><strong>legno</strong></span> <span class='ocrx_word' id='word_1_280' title='bbox 856 4132 1001 4190; x_wconf 78' lang='lat' dir='ltr'><strong>teurpornm</strong></span> <span class='ocrx_word' id='word_1_281' title='bbox 1022 4126 1161 4191; x_wconf 68' lang='lat' dir='ltr'><strong>felicitate,</strong></span> <span class='ocrx_word' id='word_1_282' title='bbox 1178 4126 1285 4176; x_wconf 70' lang='lat' dir='ltr'><strong>uidem</strong></span> <span class='ocrx_word' id='word_1_283' title='bbox 1301 4125 1389 4189; x_wconf 73' lang='lat' dir='ltr'><strong>plm-</strong></span> 
     </span>
     <span class='ocr_line' id='line_1_37' title="bbox 284 4200 1068 4267; baseline 0 -15"><span class='ocrx_word' id='word_1_284' title='bbox 284 4202 408 4263; x_wconf 65' lang='lat' dir='ltr'><strong>&#39;Awtme</strong></span> <span class='ocrx_word' id='word_1_285' title='bbox 418 4200 599 4265; x_wconf 72' lang='lat' dir='ltr'><strong>repugnabunt</strong></span> <span class='ocrx_word' id='word_1_286' title='bbox 609 4204 752 4265; x_wconf 68' lang='lat' dir='ltr'><strong>monentis,</strong></span> <span class='ocrx_word' id='word_1_287' title='bbox 760 4205 815 4267; x_wconf 48' lang='lat' dir='ltr'><strong>quis</strong></span> <span class='ocrx_word' id='word_1_288' title='bbox 855 4218 907 4267; x_wconf 86' lang='lat' dir='ltr'><strong>qne</strong></span> <span class='ocrx_word' id='word_1_289' title='bbox 918 4204 1068 4267; x_wconf 64' lang='lat' dir='ltr'><strong>scripsisse!</strong></span> 
     </span>
    </p>

    <p class='ocr_par' dir='ltr' id='par_1_10' title="bbox 281 4268 816 4332">
     <span class='ocr_line' id='line_1_38' title="bbox 281 4268 816 4332; baseline -0.007 0"><span class='ocrx_word' id='word_1_290' title='bbox 281 4278 439 4332; x_wconf 72' lang='lat' dir='ltr'><strong>uns-utetur</strong></span> <span class='ocrx_word' id='word_1_291' title='bbox 452 4279 551 4329; x_wconf 76' lang='lat' dir='ltr'><strong>Rom</strong></span> <span class='ocrx_word' id='word_1_292' title='bbox 564 4292 672 4327; x_wconf 71' lang='lat' dir='ltr'><strong>cm</strong></span> <span class='ocrx_word' id='word_1_293' title='bbox 682 4280 716 4328; x_wconf 85' lang='lat' dir='ltr'><strong>nd</strong></span> <span class='ocrx_word' id='word_1_294' title='bbox 727 4268 816 4328; x_wconf 74' lang='lat' dir='ltr'><strong>Nm</strong></span> 
     </span>
    </p>
   </div>
   <div class='ocr_carea' id='block_1_10' title="bbox 0 0 1596 4917">
    <p class='ocr_par' dir='ltr' id='par_1_11' title="bbox 0 0 1596 4917">
     <span class='ocr_line' id='line_1_39' title="bbox 0 0 1596 4917; baseline 0 0"><span class='ocrx_word' id='word_1_295' title='bbox 0 0 1596 4917; x_wconf 95' lang='lat' dir='ltr'><strong> </strong></span> 
     </span>
    </p>
   </div>
  </div>
 </body>
</html>
