3184 4917
695 408 903 461 ranrarro.
1327 400 1350 467 5

244 550 333 638 Aug.
347 552 482 621 vindet.
496 554 593 621 1599.
620 556 839 625 tassillato.
865 560 972 643 bugd.
992 562 1089 627 1556.
1127 562 1236 629 Ρο110.
1251 564 1348 631 1561.

243 656 341 722 1613.
368 656 502 723 Hanov.
526 658 624 724 1603.
649 662 692 727 01.
720 662 1012 727 Wonrnnsroar
1031 663 1094 749 (V.
1118 666 1163 730 D.
1184 665 1234 731 M:
1258 668 1348 751 apud

243 756 481 823 Seedorsenses
495 780 598 844 prope
613 760 755 829 Iaenzen.
770 767 804 828 in
817 762 1016 849 Prignitzia)
1030 767 1106 831 edit.
1122 765 1229 849 Lugd.
1249 770 1347 837 1511.

244 858 444 939 Hauscnn,
467 858 642 929 Archiater
657 864 742 947 Reg.
758 866 837 931 edit.
853 866 960 930 Lond.
976 867 1072 931 1716.
1100 868 1297 933 Mauunnr
1312 874 1348 935 et

241 960 420 1027 Sarnous
442 984 528 1031 varr.
548 966 638 1031 lectt.
659 968 757 1033 trium
777 968 875 1033 codd.
902 968 1111 1051 Norimberg.
1136 976 1169 1033 et
1181 970 1234 1036 ed.
1250 971 1346 1055 Lips.

241 1060 337 1128 1502.
362 1064 582 1131 Lousonna
605 1068 668 1153 (V.
685 1068 730 1135 D.
747 1070 795 1134 M.
814 1071 904 1156 apud
919 1072 1134 1136 Hollerenses
1147 1092 1252 1155 prope
1269 1067 1345 1138 Sta‘·

241 1163 331 1244 dam)
346 1167 399 1231 cd.
415 1167 521 1250 Lugd.
536 1170 632 1235 1505.
660 1172 696 1236 H
701 1190 799 1237 naut,
814 1175 993 1238 observata
1013 1173 1175 1257 quasdam
1194 1175 1344 1253 criticas,

239 1266 429 1332 Hnannnn
452 1273 659 1357 conjecturas
685 1275 770 1340 Mss.
793 1276 968 1340 Schraderi
997 1283 1030 1341 et
1052 1276 1216 1355 Witbolii,
1246 1276 1345 1339 Bott-

238 1384 352 1447 nscrt,
375 1369 491 1447 Laus,
519 1380 552 1437 et
567 1376 637 1453 alii,
652 1378 787 1441 nuntios
808 1378 979 1442 literarios.
1025 1375 1204 1463 61100001
1221 1376 1343 1461 placeo,

242 1464 383 1535 Vestrum
397 1482 452 1552 est,
476 1473 638 1541 Fautores
659 1480 824 1559 generosi!
846 1476 993 1559 Insignis
1016 1480 1203 1562 benignitas
1222 1478 1344 1545 Vestra

235 1575 367 1656 rarique
382 1578 526 1659 exempli
550 1577 737 1640 humanitas
768 1596 861 1660 saepe
880 1580 1026 1658 animum
1042 1582 1122 1645 mihi
1142 1582 1214 1665 jam
1227 1582 1343 1647 laban·

234 1676 302 1737 tem
316 1674 532 1753 confirmavit,
555 1678 651 1759 eique
672 1678 881 1761 precipuum
903 1680 1057 1743 editionis
1076 1701 1160 1747 mese
1173 1700 1343 1747 ornamen-

234 1778 305 1839 tum
320 1776 435 1842 debeo.
481 1778 571 1843 Dum
593 1782 703 1863 itaque
726 1782 851 1857 vivam,
873 1778 1062 1863 gratissima
1084 1782 1158 1864 ejus
1181 1785 1342 1849 memoria

233 1898 402 1963 nunquam
417 1902 461 1948 ex
475 1904 549 1948 meo
564 1882 672 1947 effinet
685 1884 807 1949 animo.

297 1982 442 2049 Remota
483 1986 532 2050 sic
563 2006 683 2069 magna
719 1988 837 2053 0011010
866 1994 968 2073 parte
1002 1994 1222 2067 externorum,
1264 1991 1338 2073 qui·

231 2087 371 2151 buscum
412 2088 492 2153 mibi
527 2090 782 2155 conflictandum
811 2098 893 2169 erat,
935 2092 1252 2175 impedimentorum,
1288 2112 1340 2157 re·

231 2190 365 2254 stabant
404 2192 470 2255 alia
505 2193 600 2275 longe
634 2194 772 2277 majora,
810 2213 888 2278 qnae
926 2195 1004 2278 ipsa
1035 2195 1150 2275 operis
1188 2196 1339 2279 suseepti

230 2290 408 2359 difficultas
445 2292 613 2359 afferebat.
671 2292 773 2372 Nam,
814 2293 904 2378 qnod
938 2314 984 2359 ex
1033 2291 1108 2358 Ind.
1144 2291 1246 2358 Editt.
1275 2314 1337 2378 ap·

229 2394 372 2479 parebit,
411 2396 537 2461 nullum
580 2397 646 2460 fere
687 2397 899 2481 antiquorum
936 2394 1110 2480 poetarum
1145 2396 1210 2459 riri
1246 2395 1338 2463 docti

229 2498 335 2579 magis
368 2499 589 2580 neglexerunt,
636 2516 738 2582 quam
785 2497 991 2575 Juvenalem,
1031 2498 1089 2580 qui
1128 2498 1192 2562 bae
1226 2503 1338 2563 tamen

231 2602 447 2665 contemtione
461 2606 495 2665 et
513 2602 642 2667 incuria
664 2601 798 2665 minime
820 2620 918 2683 paene
942 2601 1090 2664 omnium
1112 2600 1232 2683 dignus
1254 2608 1337 2683 0101,

227 2702 352 2765 nullum
368 2705 560 2789 interpretes
575 2704 712 2786 argutiis
726 2722 880 2788 vanaque
893 2702 1043 2768 doctrina
1056 2704 1104 2767 110
1115 2704 1336 2769 obscurarunt

227 2808 260 2867 et
275 2804 378 2869 voluti
392 2806 578 2870 obruerunt.
624 2805 842 2869 Desideratur
856 2804 964 2869 adbuc
978 2804 1092 2880 editio,
1116 2806 1153 2866 10
1173 2824 1240 2886 qna
1261 2810 1334 2869 tum

227 2911 414 2984 contextus,
430 2924 530 2990 qnam
546 2912 580 2971 01
602 2906 855 2971 accuratissimo
876 2909 909 2968 et
932 2902 1177 2967 modestissimo
1197 2904 1334 2985 potissi·

226 3026 318 3070 mum
336 3007 467 3091 judicio
489 3008 560 3071 lieri
586 3008 704 3091 possit,
730 3008 774 3071 ad
798 3004 897 3071 tidem
920 3012 1067 3071 veterum
1092 3006 1334 3089 exemplarium

227 3110 456 3187 constituatur,
480 3114 550 3174 turn
566 3110 684 3176 Satiree
701 3112 786 3196 ipsae
810 3130 887 3175 cunr
902 3129 1002 3174 sensu
1026 3108 1161 3192 poetico
1180 3113 1214 3172 et
1234 3110 1334 3191 pleon

226 3196 419 3275 Latinarum
440 3213 606 3277 literarum
629 3214 893 3298 scriptorumque
916 3213 1121 3276 satiricorum
1143 3211 1332 3293 cognitione

225 3310 428 3377 illustrentur
457 3317 689 3380 commentario
724 3320 885 3401 perpetuo
923 3317 1072 3398 satisque
1104 3312 1236 3391 idoneo,
1272 3312 1332 3396 qui

227 3414 346 3480 doceat
360 3414 586 3483 adolescentes
601 3438 677 3483 cnm
696 3418 818 3499 sructu,
839 3421 1019 3503 voluptate,
1039 3424 1074 3482 et
1087 3436 1188 3481 sensu
1200 3415 1332 3500 pulchri

147 3540 152 3546 ·
225 3536 284 3581 eas
309 3520 427 3600 legere,
449 3524 483 3583 et
504 3540 570 3585 non
591 3521 692 3585 modo
720 3524 753 3584 in
773 3522 919 3603 singulis,
944 3540 1021 3606 quse
1041 3525 1111 3584 tam
1133 3518 1331 3599 argumentis

225 3638 326 3702 qnam
341 3641 453 3686 eorum
468 3625 663 3687 tractatione
678 3623 726 3688 ita
740 3621 904 3699 differunt,
924 3625 961 3685 ut
974 3621 1032 3683 alii
1053 3616 1194 3681 subinde
1215 3636 1331 3683 sensns

225 3722 434 3807 concipiendi
462 3724 527 3787 sint
556 3724 735 3806 interpreti,
766 3722 825 3806 qui
854 3724 890 3785 in
917 3740 959 3785 ea
982 3739 1020 3784 se
1047 3720 1213 3783 insinnare
1237 3719 1329 3797 velit,

223 3826 354 3906 queris
382 3824 572 3908 intelligere,
602 3823 785 3888 sedetiam
811 3820 989 3907 cujuslibet
1016 3836 1179 3886 summam
1201 3821 1330 3885 nniver-

223 3942 362 4009 samqne
376 3926 602 4010 praestantiam
620 3944 661 3990 ac
684 3925 823 3991 virtutes
846 3940 1055 4007 cognoscere,
1075 3942 1151 4009 quae
1172 3942 1246 3986 non·
1259 3927 1329 3989 tam

221 4026 362 4108 singulis
388 4029 498 4107 rebus,
530 4034 711 4113 earumque
747 4026 967 4093 enuntiatione
998 4032 1099 4112 atque
1129 4025 1328 4104 inventione,

221 4144 324 4217 qnam
339 4130 471 4195 illarum
491 4130 699 4209 0001011000,
714 4131 768 4197 vel
779 4131 930 4215 partium
943 4130 1027 4197 inter
1040 4148 1077 4193 se
1090 4127 1328 4205 convenientia,

224 4230 328 4296 etad
349 4238 456 4299 totum
481 4232 721 4319 consiliumque
743 4235 936 4318 primarium
951 4230 1201 4316 conspiratione
1222 4228 1328 4296 conti·
1384 4250 1389 4258 ·
