3184 4917
630 450 883 501 Romanorum.
1254 440 1306 506 67

203 593 291 660 lanis
315 588 414 659 suut.'·
445 592 552 674 Quod
560 614 663 677 genus
676 596 828 660 ludorum
842 596 886 659 ab
901 592 1001 657 Oscis
1015 602 1185 681 acceptum
1200 602 1301 667 tenuit

199 697 368 781 juventus,
394 716 456 761 uec
470 697 512 760 ab
525 696 738 761 histrionibus
751 694 854 778 pollui
868 714 973 777 passa
990 701 1051 760 est.
1096 697 1146 760 Eo
1171 700 1301 764 institu-

206 804 275 861 tum
288 804 407 875 mann,
430 803 466 861 ut
480 803 610 862 actores
625 792 850 861 Atellanamm
863 816 924 860 nec
938 796 1024 860 tribu
1037 811 1242 878 moveantur,
1266 810 1301 866 et

205 898 382 982 stipendia,
396 904 554 982 uuquam
568 902 721 982 expertes
735 898 816 961 artis
827 896 977 974 ludicrae,
998 897 1145 962 iaciant!
1186 898 1228 963 In
1247 902 1300 965 bia

205 999 341 1076 sabulis,
358 1002 401 1064 ab
417 998 713 1077 Atella,0scou1m
726 999 760 1061 in
775 996 961 1081 Campania
973 998 1109 1081 oppido,
1129 1000 1177 1063 sic
1191 998 1299 1080 dictis,

203 1100 306 1185 (uude
316 1106 444 1165 actores
458 1120 570 1165 aarum
580 1098 668 1163 Osce
679 1101 779 1164 etiam
789 1097 1038 1182 loquebantur)
1049 1120 1157 1162 sermo
1169 1100 1301 1184 quidem
1395 1127 1398 1133 ·

204 1202 296 1266 mdis
310 1208 380 1267 erat
392 1208 426 1266 et
439 1202 619 1285 impolitus,
631 1199 689 1264 sed
702 1200 831 1265 facetus
845 1199 958 1282 potius
972 1207 1006 1264 et
1017 1198 1188 1278 ridiculus,
1203 1220 1301 1285 quam

205 1306 387 1369 obscoeuus
398 1309 436 1368 et
447 1304 604 1379 lascivus,
627 1306 852 1383 argumentum
866 1318 1002 1382 quoqne
1015 1306 1154 1378 castum,
1180 1308 1213 1365 et
1226 1322 1301 1366 sen·

203 1400 315 1471 tandm
341 1424 436 1489 purae
460 1412 560 1488 atque
583 1404 751 1467 honestae:
774 1400 864 1465 unde
888 1400 1003 1466 Valer.
1028 1400 1125 1467 Max.
1150 1419 1191 1467 rr.
1214 1405 1247 1468 4.
1265 1406 1298 1470 4.

206 1506 298 1585 dicit,
323 1506 411 1571 ‘hoo
425 1524 528 1588 genus
543 1502 769 1567 delectationis
784 1500 905 1565 Italica
918 1502 1120 1566 severitate²¹
1140 1510 1301 1589 tempera·

204 1614 275 1673 tum
298 1608 440 1690 ideoque
464 1623 608 1671 vacnum
629 1602 716 1666 nota’
742 1602 858 1667 luisse.
900 1601 1062 1668 Videntur
1083 1605 1150 1670 illae
1167 1626 1301 1689 prorsus

205 1710 273 1773 sere
287 1710 478 1791 congruisse
491 1707 613 1771 fabulis
628 1703 823 1769 Graecoram
845 1706 1156 1789 comico-satyricis,
1183 1715 1253 1771 tum
1267 1707 1301 1769 in

206 1810 388 1892 argumenti
402 1808 532 1873 delectu
546 1813 580 1891 et
593 1808 798 1885 motatione,
809 1807 844 1869 in
858 1806 1053 1889 petulantia,
1065 1807 1256 1883 dicacitate,
1269 1811 1302 1870 et

206 1911 348 1976 audacia
362 1910 531 1986 dictionis,
546 1910 581 1972 iu
596 1915 744 1972 actorum
757 1914 790 1972 et
802 1908 989 1971 saltationis
1002 1906 1122 1985 indole,
1137 1912 1169 1970 et
1181 1908 1216 1970 in
1228 1906 1304 1990 ipsa

205 2012 346 2090 actione,
366 2018 436 2077 tum
450 2012 485 2074 in
506 2029 559 2088 eo,
584 2008 673 2092 quod
689 2027 849 2084 seorsum,
868 2026 929 2072 nec
941 2009 1107 2093 adjunctas
1122 2008 1302 2092 tragoediis,

206 2112 446 2177 exhiberentur.
471 2108 522 2196 (v.
545 2108 738 2175 Eicbstaedt
752 2106 793 2173 de
816 2108 922 2173 dram.
944 2108 1056 2173 Graec.
1079 2128 1165 2174 com.
1186 2117 1249 2175 sat.
1263 2130 1299 2192 p.

206 2215 261 2279 53.
275 2214 330 2279 64.
345 2214 400 2279 65.
415 2214 460 2277 75
473 2232 526 2294 sq.
539 2215 573 2275 et
590 2211 643 2276 84.
663 2211 721 2274 ubi
743 2210 844 2274 etiam
866 2209 908 2273 de
927 2214 1008 2273 uoto
1032 2208 1205 2273 Diomedis
1226 2212 1302 2275 loco

205 2314 264 2379 lib.
281 2330 338 2378 111.
353 2334 389 2397 p.
404 2312 481 2377 487.
497 2311 550 2377 ed.
566 2311 704 2375 Putscb.
722 2310 770 2375 ita
785 2308 956 2393 disputat:
980 2313 991 2345 ‘
1007 2310 1188 2375 Diomedes
1210 2309 1304 2377 Atel·

205 2417 292 2481 lanae
308 2414 473 2479 Romanae
488 2431 509 2476 a
522 2410 719 2477 Graecorum
734 2410 862 2495 Satyris
879 2412 1069 2477 rimandam
1091 2414 1142 2476 sic
1164 2414 1308 2497 aperuit,

205 2518 429 2599 utriusqaeut
444 2515 626 2599 Satyrices,
651 2532 673 2577 a
687 2510 819 2579 Graecis
832 2518 993 2591 nectatur,
1020 2515 1165 2598 speciem
1185 2521 1220 2579 et
1238 2516 1304 2581 sor·

205 2636 295 2683 mam
322 2614 469 2700 quodam
497 2614 598 2679 modo
625 2613 792 2678 indicasse
814 2612 975 2679 videatur.
1026 2611 1160 2694 Latina,
1187 2618 1302 2700 inquit,

207 2713 359 2781 Atellano
384 2737 404 2779 a
432 2712 543 2778 Grata
561 2711 706 2799 Satyrion
728 2710 850 2797 dr'yfert:
872 2712 956 2799 quod
975 2712 1010 2776 r'n
1033 2714 1180 2802 Satyrion
1205 2732 1301 2783 sitne

208 2816 393 2902 Satyrorum
420 2838 554 2909 persona
583 2814 782 2893 inducuntur,
812 2824 868 2877 ant
895 2815 923 2878 ri
951 2835 1018 2899 qua
1046 2827 1119 2880 runt
1154 2814 1303 2897 ridicula,

207 2916 320 2984 similer
337 2917 471 3003 Satyris,
487 2916 671 3003 Autolycus,
689 2914 833 2991 Busirin,
855 2915 890 2979 ἐπ
900 2914 1052 2979 Atellano
1061 2916 1152 2980 Osca
1159 2938 1305 3001 perrona,

207 3018 425 3113 sublacense!
470 3018 548 3098 Quo
565 3020 598 3083 in
621 3018 698 3083 loco
722 3017 789 3082 duo
814 3036 851 3081 se
872 3016 968 3082 uobis
982 3018 1118 3084 offerunt
1131 3019 1232 3103 digna
1245 3023 1305 3087 ob-

207 3128 364 3203 servatu3
396 3123 545 3199 alterum,
571 3120 659 3203 quod
682 3118 1046 3203 Satyrorum-inductio
1072 3121 1115 3185 ab
1140 3120 1305 3188 Atellanis

206 3225 305 3308 plane
331 3224 439 3289 aliena
467 3212 646 3307 judicatur,
677 3222 824 3301 albium,
851 3220 942 3305 quod
967 3220 1083 3286 eadem
1111 3221 1312 3290 Graecorum

208 3326 360 3408 satyricis
374 3324 495 3389 fabulis
512 3342 578 3387 nou
599 3324 670 3387 sine
683 3312 881 3406 exceptione
895 3322 1039 3406 quadam
1053 3324 1216 3390 tribuitur.
1260 3324 1314 3391 Aa

207 3444 287 3491 rero
302 3426 332 3490 si
346 3424 479 3491 fabulas
490 3424 589 3489 umes
602 3424 830 3508 respiciamus,
858 3442 879 3487 a
892 3424 1028 3506 tragicis
1048 3425 1158 3509 politis
1177 3427 1307 3511 prosec-

210 3534 275 3604 tas,
300 3529 534 3609 ignoraverunt
555 3525 737 3590 ranchano
758 3526 988 3610 exceptionem
1003 3526 1125 3591 Graeci.
1171 3528 1321 3592 Diome-⁴

209 3626 283 3692 dem
308 3628 424 3712 itaquo
451 3628 590 3693 arbitror
611 3626 742 3691 fabulas
767 3626 1073 3708 comico-satyricae
1087 3628 1185 3691 simul
1199 3612 1314 3692 mente·

210 3726 496 3813 descriptioneque
519 3724 816 3811 comprehendisse,
839 3731 873 3790 et
894 3724 993 3790 sicuti
1006 3726 1142 3807 tragicis
1156 3728 1318 3812 Satyros,

705 3891 817 3944 NOTAE

209 4004 278 4071 qnod
302 4004 336 4055 ab
363 4004 528 4071 exennbbus,
556 4002 658 4068 ititan’
696 4002 739 4056 Cf.
812 4004 1068 4058 nlubooclocom
1079 4003 1247 4055 emendarunt
1263 4002 1317 4057 Ge.

209 4080 450 4147 manaremus
781 4082 995 4147 acupentu
1027 4074 1264 4133 vmlnumota
1278 4096 1310 4134 n.

241 4160 274 4207 2²
291 4157 351 4207 Heu
370 4158 457 4207 italica
470 4158 595 4207 recu-im
610 4156 742 4225 dorganii
780 4163 820 4209 tt.
831 4160 845 4222 t
855 4156 1091 4223 Mllmkenbarg
1101 4156 1134 4208 ad
1141 4158 1330 4223 summ„

169 4278 172 4285 ,
207 4232 330 4294 sanun,
348 4230 476 4283 Atellanis
496 4233 669 4301 conjunctam,
688 4245 740 4291 nou
781 4250 807 4301 p.
818 4238 876 4286 tlt.

209 4309 340 4373 parrum
349 4308 423 4362 nobis
434 4310 544 4362 crant.
555 4324 583 4375 p.
595 4312 650 4361 184.
