3184 4917
647 444 855 497 rrnrrrro.
1256 428 1300 495 19

194 598 277 668 runi,
302 590 515 673 mythologie,
538 592 681 657 scientia
701 590 909 677 antiquitatis
933 594 968 655 et
989 592 1191 675 geographia
1204 590 1296 660 illus.-

193 698 326 768 trarem,
356 690 416 774 sed
439 692 540 756 etiem
566 693 608 757 ad
634 712 686 768 ea,
714 713 792 777 qnae
815 694 887 757 sire
910 692 1048 775 pnlebru
1060 700 1092 758 et
1106 699 1196 777 apta,
1222 694 1296 759 sive

194 810 302 877 preve
314 798 346 857 et
361 792 470 857 aliena
484 800 606 872 essent,
622 795 665 859 ad
679 797 885 861 inventorum
899 794 1034 872 iontem,
1045 794 1088 859 ad
1101 814 1210 859 rerum
1223 816 1296 861 rer-

195 896 379 979 borumque
398 902 598 974 ornamenta,
620 896 662 961 ad
677 896 787 981 poiitae
801 897 984 963 docuinam
996 903 1030 961 et
1043 902 1143 961 unere
1157 898 1191 961 in
1206 898 1297 962 inre·

194 996 325 1061 niendis
339 996 587 1080 tractandisque
601 998 713 1075 rebus,
730 998 774 1063 ad
788 999 932 1081 partium
947 998 1032 1063 inter
1045 1016 1082 1060 se
1097 1000 1297 1064 convenien-

194 1098 275 1161 tiam
289 1102 321 1161 et
338 1097 382 1161 ud
397 1116 571 1163 commune
587 1098 760 1165 consilium
773 1099 1064 1182 conspirationem,
1078 1104 1221 1164 merrtem
1230 1100 1297 1165 lec-

195 1204 305 1263 torum
317 1197 528 1264 intenderem.
573 1198 694 1265 Omnia
707 1218 838 1283 quoqne
857 1199 900 1263 ad
924 1218 1056 1265 sensnm
1069 1220 1178 1265 meum
1190 1202 1299 1286 expli-

195 1317 274 1363 care
288 1304 429 1365 conatus
444 1319 516 1365 snm
530 1305 618 1377 aute,
634 1318 734 1383 quam
748 1300 943 1382 interpretes
959 1300 1175 1367 consulerem.
1204 1299 1300 1380 Quo-

194 1404 483 1485 timentemque
499 1402 556 1466 alii
573 1402 647 1485 jam
663 1406 921 1486 occupaverant,
935 1403 1062 1479 notavi,
1078 1422 1206 1487 semper
1228 1424 1299 1471 ruo·

194 1503 265 1580 nni,
285 1504 406 1596 qmbus
419 1521 460 1567 eu
474 1502 644 1567 deberem:
667 1522 743 1567 nam
759 1504 898 1569 ebonem
913 1504 1034 1569 scrinia
1048 1506 1240 1589 compilare,
1264 1516 1299 1572 et

195 1605 298 1673 iusim
333 1604 459 1686 graculi
489 1604 638 1689 superbi,
678 1606 794 1689 pennis
819 1606 964 1689 pavonis
990 1609 1154 1684 exornati,
1183 1608 1299 1673 adenis

194 1705 293 1769 bunis
308 1705 453 1786 gloriari,
476 1705 572 1787 longe
597 1725 618 1770 a
640 1705 786 1771 moribus
803 1706 1022 1789 sensibusque
1035 1707 1119 1769 meis
1132 1707 1298 1773 abhorret.

196 1804 265 1873 Sed
287 1806 366 1871 iirrti
390 1806 518 1871 invidia
543 1807 624 1875 mibi
646 1806 855 1890 deprecanda
876 1812 939 1884 est,
963 1808 993 1871 si
1013 1807 1184 1890 qnissorte
1198 1808 1299 1874 offen·

195 1907 283 1973 derit
303 1907 472 1984 normulla,
499 1908 552 1972 vel
569 1908 720 1991 vulgaria
741 1912 775 1972 et
786 1908 924 1973 eruditis
938 1916 1026 1973 certe
1040 1909 1226 1975 bominibus
1239 1928 1299 1975 no·

196 2011 339 2087 tissime,
364 2029 440 2094 qu·
464 2010 562 2091 igitur
587 2008 685 2075 facile
708 2009 863 2092 pluribus
881 2016 1001 2093 sponte
1015 2010 1050 2073 in
1062 2015 1201 2080 meatem
1215 2011 1299 2077 inci-

195 2110 273 2177 dere
298 2114 441 2195 possunt
467 2116 499 2177 et
520 2111 595 2176 binc
624 2130 647 2175 a
669 2110 820 2194 pluribus
846 2129 981 2195 quoquo
1001 2116 1115 2175 notata
1132 2118 1220 2189 snut,
1244 2114 1314 2179 rel.

196 2214 305 2277 minus
318 2212 430 2288 obvia,
444 2232 520 2295 qnae
534 2214 578 2277 ab
594 2212 753 2296 aliisjam
768 2212 893 2279 alicubi
907 2212 1084 2277 observatu
1097 2212 1299 2277 meminerit:
1311 2267 1313 2270 .

198 2332 315 2379 omnm
328 2315 415 2379 enim
430 2314 576 2379 virorum
598 2314 777 2381 doctorran
795 2314 900 2379 libros
919 2320 954 2379 et
975 2314 1241 2392 commentarios,
1265 2316 1300 2379 in

196 2417 319 2499 qrribus
342 2434 429 2481 unus
452 2420 487 2479 et
511 2415 592 2481 alter
615 2414 727 2499 poiitee
751 2416 858 2481 nostri
877 2415 971 2484 locus
990 2414 1308 2498 manuumque·

196 2516 277 2581 milri
293 2534 486 2599 comparare
500 2517 548 2580 rei
563 2516 735 2581 familiaris
749 2516 904 2597 angustia
916 2517 1051 2600 putitiu,
1072 2535 1180 2599 neque
1198 2536 1301 2581 excu-

196 2627 266 2685 tere
289 2618 344 2683 rel
367 2624 468 2682 vacat
492 2618 546 2683 vel
570 2618 671 2683 lubet.
715 2618 808 2683 Hinc
830 2634 964 2701 qnoque
982 2618 1119 2683 veniam
1127 2618 1208 2683 mibi
1222 2617 1300 2683 dent

196 2738 267 2798 oro,
279 2720 337 2804 qui
350 2738 415 2783 non
429 2726 611 2783 memorata
623 2718 765 2783 viderint
779 2719 935 2802 quaedam
948 2738 974 2783 a
984 2738 1022 2783 sa
1035 2720 1095 2784 vel.
1104 2718 1181 2783 aliis
1195 2720 1299 2783 amm·

197 2822 341 2887 adverse
363 2822 397 2885 in
423 2820 645 2903 singularibus
667 2820 801 2898 libellis,
826 2822 880 2885 vel
894 2820 1102 2884 versionibus
1116 2818 1300 2897 luvenalis,

197 2923 251 2987 sel
265 2922 507 2987 commentariis
522 2922 557 2985 in
571 2922 655 2985 alios
669 2921 799 3004 politas,
822 2921 954 3003 quibus·
965 2920 1075 3004 copiis
1095 2919 1186 2985 baud
1200 2919 1301 2985 dubie

198 3042 275 3089 mea
289 3042 394 3105 penus
409 3021 586 3087 admodum
601 3010 799 3103 locupletari
813 3022 950 3104 poterit..

243 3123 323 3189 Non
349 3125 464 3189 dubito
486 3132 606 3199 tamem
629 3122 698 3188 fore
725 3124 916 3205 permultos,
945 3124 1004 3207 qni
1032 3124 1068 3189 iu
1095 3143 1200 3207 opera
1225 3142 1302 3189 mea

198 3227 406 3303 brevitatem,
422 3227 581 3308 insignem
596 3226 782 3307 interpretis
799 3226 964 3302 virtutem,
982 3225 1080 3290 valde
1094 3225 1300 3291 desiderent:

199 3346 305 3409 raeque
330 3326 469 3391 diffiteor
492 3328 577 3408 ipse,
601 3344 655 3388 mo
678 3324 803 3407 passim
827 3328 1005 3403 monuisse,
1031 3346 1107 3408 quae
1132 3328 1245 3391 tenuia
1269 3331 1303 3391 et

200 3428 352 3510 vulgaria
366 3426 471 3493 rideri
485 3429 616 3510 possint
630 3427 711 3491 viris
725 3426 845 3502 doctis,
856 3488 861 3498 ,
871 3426 986 3491 barum
999 3445 1107 3491 rernm
1121 3427 1302 3509 intelligen-

201 3530 302 3599 tibus.
347 3530 415 3595 Sed
430 3530 570 3613 primum
584 3529 663 3593 mihi
677 3530 725 3591 ita
739 3529 952 3592 constitutum
967 3535 1050 3605 erat,
1064 3533 1214 3611 utquam
1228 3528 1302 3609 plu·

198 3631 291 3695 rimis
311 3631 518 3714 prodessem,
540 3638 574 3695 ut
596 3630 748 3693 omnibus
772 3628 1008 3706 satisfacerem,
1033 3633 1067 3691 et
1088 3634 1125 3692 ut
1146 3627 1302 3710 quaedam

199 3750 269 3796 nun
284 3731 368 3796 adeo
382 3734 570 3797 necessaria
583 3735 723 3814 irrepere
737 3732 879 3806 mallem,
895 3750 996 3811 quam
1009 3730 1115 3793 omitti
1129 3748 1169 3793 ac
1184 3728 1303 3812 negligi

200 3834 404 3911 becessaria,
430 3839 463 3897 et
486 3834 565 3897 huic
592 3834 646 3897 vel
669 3832 718 3895 illi
739 3833 811 3894 sive
833 3832 976 3895 obscura
989 3832 1060 3894 sive
1074 3831 1196 3912 ignote,
1222 3850 1301 3913 ¹qum

200 3936 326 4003 moneri
353 3942 386 3999 et
409 3936 565 4004 illustrari
591 3955 656 4005 non
679 3934 826 3999 omnium
849 3933 990 4017 quidem,
1014 3933 1073 3996 sed
1086 3933 1301 4017 quorumdum

200 4040 309 4102 temen
335 4038 496 4101 lectumm
522 4040 702 4105 interesset.
747 4036 877 4100 Deinde
890 4035 953 4098 hac
969 4044 1066 4107 aetate
1084 4040 1208 4112 nostra,
1233 4053 1303 4119 qua

200 4136 237 4199 in
249 4142 353 4213 nnn,
371 4156 447 4219 quae
465 4139 623 4221 jactatur,
644 4138 809 4201 literarum
821 4136 897 4201 luce
909 4155 1039 4201 summa
1052 4156 1158 4199 rerum
1172 4135 1302 4200 utilium

199 4236 388 4318 immotis
401 4239 435 4303 in
449 4238 520 4303 dies
543 4238 673 4322 longius
696 4240 798 4322 serpit
821 4244 854 4304 et
875 4238 1077 4317 diffmdmr,
1103 4235 1312 4308 intumum.
