<?xml version="1.0" encoding="UTF-8"?>
<!DOCTYPE html PUBLIC "-//W3C//DTD XHTML 1.0 Transitional//EN"
    "http://www.w3.org/TR/xhtml1/DTD/xhtml1-transitional.dtd">
<html xmlns="http://www.w3.org/1999/xhtml" xml:lang="en" lang="en">
 <head>
  <title>
</title>
<meta http-equiv="Content-Type" content="text/html;charset=utf-8" />
  <meta name='ocr-system' content='tesseract 3.04.00' />
  <meta name='ocr-capabilities' content='ocr_page ocr_carea ocr_par ocr_line ocrx_word'/>
</head>
<body>
  <div class='ocr_page' id='page_1' title='image "./operaomnia00juvegoog_0028.png"; bbox 0 0 3184 4917; ppageno 0'>
   <div class='ocr_carea' id='block_1_1' title="bbox 0 3855 3 4674">
    <p class='ocr_par' dir='ltr' id='par_1_1' title="bbox 0 3855 3 4674">
     <span class='ocr_line' id='line_1_1' title="bbox 0 3855 3 4674; baseline 0 0"><span class='ocrx_word' id='word_1_1' title='bbox 0 3855 3 4674; x_wconf 95' lang='lat' dir='ltr'> </span> 
     </span>
    </p>
   </div>
   <div class='ocr_carea' id='block_1_2' title="bbox 277 386 929 454">
    <p class='ocr_par' dir='ltr' id='par_1_2' title="bbox 277 386 929 454">
     <span class='ocr_line' id='line_1_2' title="bbox 277 386 929 454; baseline -0.009 0"><span class='ocrx_word' id='word_1_2' title='bbox 277 386 322 454; x_wconf 77' lang='lat'>14</span> <span class='ocrx_word' id='word_1_3' title='bbox 722 395 929 449; x_wconf 78' lang='lat' dir='ltr'>rnnrsruo.</span> 
     </span>
    </p>
   </div>
   <div class='ocr_carea' id='block_1_3' title="bbox 277 546 1385 845">
    <p class='ocr_par' dir='ltr' id='par_1_3' title="bbox 277 546 1385 845">
     <span class='ocr_line' id='line_1_3' title="bbox 277 546 1385 644; baseline -0.005 -20"><span class='ocrx_word' id='word_1_4' title='bbox 277 559 402 644; x_wconf 88' lang='lat' dir='ltr'>quibus</span> <span class='ocrx_word' id='word_1_5' title='bbox 420 554 508 622; x_wconf 86' lang='lat' dir='ltr'>locis</span> <span class='ocrx_word' id='word_1_6' title='bbox 528 551 706 619; x_wconf 84' lang='lat' dir='ltr'>manifesta</span> <span class='ocrx_word' id='word_1_7' title='bbox 719 570 894 635; x_wconf 84' lang='lat' dir='ltr'>operarum</span> <span class='ocrx_word' id='word_1_8' title='bbox 907 546 989 613; x_wconf 84' lang='lat' dir='ltr'>vitia</span> <span class='ocrx_word' id='word_1_9' title='bbox 1002 554 1185 616; x_wconf 80' lang='lat' dir='ltr'>anotentnr.</span> <span class='ocrx_word' id='word_1_10' title='bbox 1230 549 1301 617; x_wconf 88' lang='lat' dir='ltr'>Ubi</span> <span class='ocrx_word' id='word_1_11' title='bbox 1315 571 1385 619; x_wconf 86' lang='lat' dir='ltr'>oar·</span> 
     </span>
     <span class='ocr_line' id='line_1_4' title="bbox 278 651 1384 736; baseline -0.004 -12"><span class='ocrx_word' id='word_1_12' title='bbox 278 660 407 724; x_wconf 86' lang='lat' dir='ltr'>tissima</span> <span class='ocrx_word' id='word_1_13' title='bbox 421 665 472 724; x_wconf 90' lang='lat' dir='ltr'>est</span> <span class='ocrx_word' id='word_1_14' title='bbox 484 659 595 736; x_wconf 87' lang='lat' dir='ltr'>lectio,</span> <span class='ocrx_word' id='word_1_15' title='bbox 611 666 696 721; x_wconf 87' lang='lat' dir='ltr'>recte</span> <span class='ocrx_word' id='word_1_16' title='bbox 709 654 815 720; x_wconf 86' lang='lat' dir='ltr'>omitti</span> <span class='ocrx_word' id='word_1_17' title='bbox 829 659 980 735; x_wconf 84' lang='lat' dir='ltr'><strong>possunt,</strong></span> <span class='ocrx_word' id='word_1_18' title='bbox 994 658 1027 715; x_wconf 88' lang='lat' dir='ltr'>et</span> <span class='ocrx_word' id='word_1_19' title='bbox 1037 654 1163 718; x_wconf 84' lang='lat' dir='ltr'>anobis</span> <span class='ocrx_word' id='word_1_20' title='bbox 1176 651 1244 717; x_wconf 85' lang='lat' dir='ltr'>fere</span> <span class='ocrx_word' id='word_1_21' title='bbox 1257 653 1384 720; x_wconf 78' lang='lat' dir='ltr'>omissa</span> 
     </span>
     <span class='ocr_line' id='line_1_5' title="bbox 279 755 1384 845; baseline -0.005 -18"><span class='ocrx_word' id='word_1_22' title='bbox 279 766 374 845; x_wconf 81' lang='lat' dir='ltr'>sunt3</span> <span class='ocrx_word' id='word_1_23' title='bbox 396 782 462 826; x_wconf 92' lang='lat' dir='ltr'>non</span> <span class='ocrx_word' id='word_1_24' title='bbox 474 781 565 840; x_wconf 81' lang='lat' dir='ltr'>vero,</span> <span class='ocrx_word' id='word_1_25' title='bbox 586 761 644 825; x_wconf 90' lang='lat' dir='ltr'>ubi</span> <span class='ocrx_word' id='word_1_26' title='bbox 657 759 777 824; x_wconf 83' lang='lat' dir='ltr'>illaesi</span> <span class='ocrx_word' id='word_1_27' title='bbox 792 755 915 821; x_wconf 87' lang='lat' dir='ltr'>dubia:</span> <span class='ocrx_word' id='word_1_28' title='bbox 939 760 1008 819; x_wconf 90' lang='lat' dir='ltr'>tum</span> <span class='ocrx_word' id='word_1_29' title='bbox 1023 757 1110 824; x_wconf 88' lang='lat' dir='ltr'>enim</span> <span class='ocrx_word' id='word_1_30' title='bbox 1123 756 1259 821; x_wconf 84' lang='lat' dir='ltr'>mulium</span> <span class='ocrx_word' id='word_1_31' title='bbox 1272 756 1384 823; x_wconf 84' lang='lat' dir='ltr'>valent</span> 
     </span>
    </p>
   </div>
   <div class='ocr_carea' id='block_1_4' title="bbox 779 936 889 989">
    <p class='ocr_par' dir='ltr' id='par_1_4' title="bbox 779 936 889 989">
     <span class='ocr_line' id='line_1_6' title="bbox 779 936 889 989; baseline -0.018 0"><span class='ocrx_word' id='word_1_32' title='bbox 779 936 889 989; x_wconf 80' lang='lat' dir='ltr'>NOTAE</span> 
     </span>
    </p>
   </div>
   <div class='ocr_carea' id='block_1_5' title="bbox 276 1048 1388 4313">
    <p class='ocr_par' dir='ltr' id='par_1_5' title="bbox 276 1048 1388 4313">
     <span class='ocr_line' id='line_1_7' title="bbox 279 1048 1383 1117; baseline -0.001 -17"><span class='ocrx_word' id='word_1_33' title='bbox 279 1048 350 1100; x_wconf 83' lang='lat' dir='ltr'>‘tide</span> <span class='ocrx_word' id='word_1_34' title='bbox 360 1066 509 1115; x_wconf 87' lang='lat' dir='ltr'>suspensam</span> <span class='ocrx_word' id='word_1_35' title='bbox 527 1068 584 1103; x_wconf 87' lang='lat' dir='ltr'>esse</span> <span class='ocrx_word' id='word_1_36' title='bbox 599 1054 699 1117; x_wconf 85' lang='lat' dir='ltr'>volunt,</span> <span class='ocrx_word' id='word_1_37' title='bbox 710 1059 755 1102; x_wconf 80' lang='lat' dir='ltr'>sut</span> <span class='ocrx_word' id='word_1_38' title='bbox 767 1053 811 1117; x_wconf 89' lang='lat' dir='ltr'>qni</span> <span class='ocrx_word' id='word_1_39' title='bbox 851 1053 960 1102; x_wconf 85' lang='lat' dir='ltr'>‘eornm</span> <span class='ocrx_word' id='word_1_40' title='bbox 973 1057 1096 1116; x_wconf 85' lang='lat' dir='ltr'>tanquam</span> <span class='ocrx_word' id='word_1_41' title='bbox 1107 1064 1185 1099; x_wconf 84' lang='lat' dir='ltr'>voees</span> <span class='ocrx_word' id='word_1_42' title='bbox 1201 1054 1230 1099; x_wconf 90' lang='lat' dir='ltr'>et</span> <span class='ocrx_word' id='word_1_43' title='bbox 1246 1052 1324 1098; x_wconf 84' lang='lat' dir='ltr'>nutus</span> <span class='ocrx_word' id='word_1_44' title='bbox 1340 1061 1383 1099; x_wconf 78' lang='lat' dir='ltr'>ex·</span> 
     </span>
     <span class='ocr_line' id='line_1_8' title="bbox 278 1126 1385 1195; baseline 0.003 -19"><span class='ocrx_word' id='word_1_45' title='bbox 278 1126 380 1191; x_wconf 81' lang='lat' dir='ltr'>‘texta,</span> <span class='ocrx_word' id='word_1_46' title='bbox 399 1144 457 1193; x_wconf 83' lang='lat' dir='ltr'>qnae</span> <span class='ocrx_word' id='word_1_47' title='bbox 475 1138 610 1195; x_wconf 86' lang='lat' dir='ltr'>vocantur,</span> <span class='ocrx_word' id='word_1_48' title='bbox 633 1132 710 1193; x_wconf 85' lang='lat' dir='ltr'>piane</span> <span class='ocrx_word' id='word_1_49' title='bbox 730 1130 812 1179; x_wconf 88' lang='lat' dir='ltr'>edunt</span> <span class='ocrx_word' id='word_1_50' title='bbox 851 1130 860 1157; x_wconf 81' lang='lat'><em>⁴</em></span> <span class='ocrx_word' id='word_1_51' title='bbox 872 1130 961 1194; x_wconf 86' lang='lat' dir='ltr'>cipere</span> <span class='ocrx_word' id='word_1_52' title='bbox 980 1128 1119 1178; x_wconf 84' lang='lat' dir='ltr'>discamus.</span> <span class='ocrx_word' id='word_1_53' title='bbox 1153 1127 1385 1192; x_wconf 66' lang='lat' dir='ltr'>Eteniminpiurir</span> 
     </span>
     <span class='ocr_line' id='line_1_9' title="bbox 277 1202 1385 1270; baseline 0.002 -19"><span class='ocrx_word' id='word_1_54' title='bbox 277 1202 286 1230; x_wconf 77' lang='lat'><strong>⁴</strong></span> <span class='ocrx_word' id='word_1_55' title='bbox 299 1204 330 1252; x_wconf 84' lang='lat' dir='ltr'>ad</span> <span class='ocrx_word' id='word_1_56' title='bbox 343 1206 417 1255; x_wconf 90' lang='lat' dir='ltr'>nnius</span> <span class='ocrx_word' id='word_1_57' title='bbox 429 1208 575 1270; x_wconf 83' lang='lat' dir='ltr'>exemplum</span> <span class='ocrx_word' id='word_1_58' title='bbox 586 1225 594 1267; x_wconf 87' lang='lat'>;</span> <span class='ocrx_word' id='word_1_59' title='bbox 610 1208 682 1255; x_wconf 84' lang='lat' dir='ltr'>velut</span> <span class='ocrx_word' id='word_1_60' title='bbox 694 1206 735 1255; x_wconf 88' lang='lat' dir='ltr'>isti</span> <span class='ocrx_word' id='word_1_61' title='bbox 756 1214 811 1255; x_wconf 91' lang='lat' dir='ltr'>tsu-</span> <span class='ocrx_word' id='word_1_62' title='bbox 852 1206 921 1255; x_wconf 89' lang='lat' dir='ltr'>‘mis</span> <span class='ocrx_word' id='word_1_63' title='bbox 932 1205 1010 1254; x_wconf 88' lang='lat' dir='ltr'>rebus</span> <span class='ocrx_word' id='word_1_64' title='bbox 1023 1212 1050 1253; x_wconf 92' lang='lat' dir='ltr'>et</span> <span class='ocrx_word' id='word_1_65' title='bbox 1063 1204 1173 1266; x_wconf 89' lang='lat' dir='ltr'>Critico‚</span> <span class='ocrx_word' id='word_1_66' title='bbox 1185 1210 1214 1254; x_wconf 87' lang='lat' dir='ltr'>et</span> <span class='ocrx_word' id='word_1_67' title='bbox 1230 1204 1385 1268; x_wconf 81' lang='lat' dir='ltr'>quicumque</span> 
     </span>
     <span class='ocr_line' id='line_1_10' title="bbox 278 1276 1384 1345; baseline 0.003 -19"><span class='ocrx_word' id='word_1_68' title='bbox 278 1276 358 1327; x_wconf 83' lang='lat' dir='ltr'>‘dem</span> <span class='ocrx_word' id='word_1_69' title='bbox 369 1280 430 1329; x_wconf 91' lang='lat' dir='ltr'>libri</span> <span class='ocrx_word' id='word_1_70' title='bbox 440 1281 473 1329; x_wconf 88' lang='lat' dir='ltr'>ad</span> <span class='ocrx_word' id='word_1_71' title='bbox 483 1282 618 1345; x_wconf 90' lang='lat' dir='ltr'>criptoris</span> <span class='ocrx_word' id='word_1_72' title='bbox 629 1283 736 1331; x_wconf 86' lang='lat' dir='ltr'>salutem</span> <span class='ocrx_word' id='word_1_73' title='bbox 748 1280 812 1330; x_wconf 86' lang='lat' dir='ltr'>fatis</span> <span class='ocrx_word' id='word_1_74' title='bbox 851 1282 920 1331; x_wconf 86' lang='lat' dir='ltr'>‘sibi</span> <span class='ocrx_word' id='word_1_75' title='bbox 945 1297 999 1330; x_wconf 89' lang='lat' dir='ltr'>rem</span> <span class='ocrx_word' id='word_1_76' title='bbox 1026 1281 1176 1329; x_wconf 86' lang='lat' dir='ltr'>historicam</span> <span class='ocrx_word' id='word_1_77' title='bbox 1199 1280 1384 1344; x_wconf 80' lang='lat' dir='ltr'>exquirendam</span> 
     </span>
     <span class='ocr_line' id='line_1_11' title="bbox 278 1354 1384 1419; baseline 0 -16"><span class='ocrx_word' id='word_1_78' title='bbox 278 1354 422 1405; x_wconf 83' lang='lat' dir='ltr'>‘destinati</span> <span class='ocrx_word' id='word_1_79' title='bbox 433 1365 531 1409; x_wconf 83' lang='lat' dir='ltr'>esseut.</span> <span class='ocrx_word' id='word_1_80' title='bbox 563 1358 604 1409; x_wconf 82' lang='lat' dir='ltr'>Ab</span> <span class='ocrx_word' id='word_1_81' title='bbox 616 1360 665 1409; x_wconf 83' lang='lat' dir='ltr'>hoc</span> <span class='ocrx_word' id='word_1_82' title='bbox 678 1361 773 1411; x_wconf 88' lang='lat' dir='ltr'>ieviore</span> <span class='ocrx_word' id='word_1_83' title='bbox 784 1368 812 1409; x_wconf 86' lang='lat' dir='ltr'>et</span> <span class='ocrx_word' id='word_1_84' title='bbox 852 1358 973 1418; x_wconf 86' lang='lat' dir='ltr'>‘sumsit,</span> <span class='ocrx_word' id='word_1_85' title='bbox 990 1357 1113 1406; x_wconf 80' lang='lat' dir='ltr'>imitanda</span> <span class='ocrx_word' id='word_1_86' title='bbox 1134 1362 1175 1404; x_wconf 91' lang='lat' dir='ltr'>est</span> <span class='ocrx_word' id='word_1_87' title='bbox 1203 1355 1263 1404; x_wconf 87' lang='lat' dir='ltr'>boni</span> <span class='ocrx_word' id='word_1_88' title='bbox 1285 1356 1384 1419; x_wconf 89' lang='lat' dir='ltr'>judicis</span> 
     </span>
     <span class='ocr_line' id='line_1_12' title="bbox 278 1430 1386 1500; baseline 0.002 -21"><span class='ocrx_word' id='word_1_89' title='bbox 278 1430 372 1495; x_wconf 86' lang='lat' dir='ltr'>‘qnasi</span> <span class='ocrx_word' id='word_1_90' title='bbox 389 1433 530 1483; x_wconf 87' lang='lat' dir='ltr'>desultorio</span> <span class='ocrx_word' id='word_1_91' title='bbox 553 1451 648 1497; x_wconf 80' lang='lat' dir='ltr'>genere</span> <span class='ocrx_word' id='word_1_92' title='bbox 670 1437 811 1500; x_wconf 84' lang='lat' dir='ltr'>&#39;plurimum</span> <span class='ocrx_word' id='word_1_93' title='bbox 850 1432 1028 1482; x_wconf 87' lang='lat' dir='ltr'>‘consuetudo</span> <span class='ocrx_word' id='word_1_94' title='bbox 1040 1439 1067 1480; x_wconf 87' lang='lat' dir='ltr'>et</span> <span class='ocrx_word' id='word_1_95' title='bbox 1079 1430 1233 1495; x_wconf 85' lang='lat' dir='ltr'>prudentin;</span> <span class='ocrx_word' id='word_1_96' title='bbox 1250 1431 1292 1494; x_wconf 86' lang='lat' dir='ltr'>qui</span> <span class='ocrx_word' id='word_1_97' title='bbox 1304 1431 1386 1494; x_wconf 83' lang='lat' dir='ltr'>prins,</span> 
     </span>
     <span class='ocr_line' id='line_1_13' title="bbox 276 1504 1384 1574; baseline 0.001 -18"><span class='ocrx_word' id='word_1_98' title='bbox 276 1504 285 1535; x_wconf 90' lang='lat'>‘</span> <span class='ocrx_word' id='word_1_99' title='bbox 298 1506 431 1572; x_wconf 80' lang='lat' dir='ltr'>discrepat</span> <span class='ocrx_word' id='word_1_100' title='bbox 443 1510 523 1572; x_wconf 83' lang='lat' dir='ltr'>justa,</span> <span class='ocrx_word' id='word_1_101' title='bbox 535 1519 672 1574; x_wconf 83' lang='lat' dir='ltr'>perpetuo,</span> <span class='ocrx_word' id='word_1_102' title='bbox 690 1520 717 1560; x_wconf 91' lang='lat' dir='ltr'>et</span> <span class='ocrx_word' id='word_1_103' title='bbox 733 1512 812 1560; x_wconf 82' lang='lat' dir='ltr'>certis</span> <span class='ocrx_word' id='word_1_104' title='bbox 852 1507 861 1535; x_wconf 90' lang='lat'>‘</span> <span class='ocrx_word' id='word_1_105' title='bbox 874 1507 935 1571; x_wconf 86' lang='lat' dir='ltr'>qnid</span> <span class='ocrx_word' id='word_1_106' title='bbox 949 1514 1031 1557; x_wconf 85' lang='lat' dir='ltr'>testes</span> <span class='ocrx_word' id='word_1_107' title='bbox 1044 1505 1165 1567; x_wconf 79' lang='lat' dir='ltr'>afferant,</span> <span class='ocrx_word' id='word_1_108' title='bbox 1175 1508 1244 1555; x_wconf 88' lang='lat' dir='ltr'>iente</span> <span class='ocrx_word' id='word_1_109' title='bbox 1256 1508 1384 1570; x_wconf 67' lang='lat' dir='ltr'>explorat,</span> 
     </span>
     <span class='ocr_line' id='line_1_14' title="bbox 277 1582 1387 1647; baseline 0.003 -16"><span class='ocrx_word' id='word_1_110' title='bbox 277 1582 360 1633; x_wconf 82' lang='lat' dir='ltr'>‘artis</span> <span class='ocrx_word' id='word_1_111' title='bbox 376 1586 475 1647; x_wconf 85' lang='lat' dir='ltr'>iegibus</span> <span class='ocrx_word' id='word_1_112' title='bbox 487 1587 547 1635; x_wconf 88' lang='lat' dir='ltr'>nixa</span> <span class='ocrx_word' id='word_1_113' title='bbox 566 1588 690 1636; x_wconf 88' lang='lat' dir='ltr'>recensio.</span> <span class='ocrx_word' id='word_1_114' title='bbox 723 1587 755 1636; x_wconf 91' lang='lat' dir='ltr'>In</span> <span class='ocrx_word' id='word_1_115' title='bbox 768 1586 812 1637; x_wconf 89' lang='lat' dir='ltr'>iiio</span> <span class='ocrx_word' id='word_1_116' title='bbox 851 1582 899 1631; x_wconf 79' lang='lat' dir='ltr'>‘et</span> <span class='ocrx_word' id='word_1_117' title='bbox 914 1586 999 1631; x_wconf 77' lang='lat' dir='ltr'>omnis</span> <span class='ocrx_word' id='word_1_118' title='bbox 1011 1584 1129 1631; x_wconf 78' lang='lat' dir='ltr'>veritatis</span> <span class='ocrx_word' id='word_1_119' title='bbox 1146 1592 1299 1646; x_wconf 79' lang='lat' dir='ltr'>argumenta</span> <span class='ocrx_word' id='word_1_120' title='bbox 1315 1585 1387 1634; x_wconf 89' lang='lat' dir='ltr'>colii·</span> 
     </span>
     <span class='ocr_line' id='line_1_15' title="bbox 279 1658 1385 1724; baseline 0.003 -16"><span class='ocrx_word' id='word_1_121' title='bbox 279 1658 361 1708; x_wconf 86' lang='lat' dir='ltr'>‘nihii</span> <span class='ocrx_word' id='word_1_122' title='bbox 372 1676 453 1724; x_wconf 86' lang='lat' dir='ltr'>prope</span> <span class='ocrx_word' id='word_1_123' title='bbox 469 1663 546 1721; x_wconf 84' lang='lat' dir='ltr'>atiud,</span> <span class='ocrx_word' id='word_1_124' title='bbox 565 1679 639 1723; x_wconf 79' lang='lat' dir='ltr'>qnam</span> <span class='ocrx_word' id='word_1_125' title='bbox 661 1662 752 1722; x_wconf 84' lang='lat' dir='ltr'>passim</span> <span class='ocrx_word' id='word_1_126' title='bbox 769 1676 812 1708; x_wconf 87' lang='lat' dir='ltr'>ex·</span> <span class='ocrx_word' id='word_1_127' title='bbox 853 1658 922 1721; x_wconf 57' lang='lat' dir='ltr'>‘gin</span> <span class='ocrx_word' id='word_1_128' title='bbox 950 1674 1026 1722; x_wconf 84' lang='lat' dir='ltr'>quam</span> <span class='ocrx_word' id='word_1_129' title='bbox 1052 1659 1089 1706; x_wconf 89' lang='lat' dir='ltr'>rei</span> <span class='ocrx_word' id='word_1_130' title='bbox 1112 1666 1192 1721; x_wconf 69' lang='lat' dir='ltr'>gestae</span> <span class='ocrx_word' id='word_1_131' title='bbox 1210 1662 1385 1723; x_wconf 78' lang='lat' dir='ltr'>conjecturam</span> 
     </span>
     <span class='ocr_line' id='line_1_16' title="bbox 280 1733 1385 1802; baseline 0 -17"><span class='ocrx_word' id='word_1_132' title='bbox 280 1735 383 1786; x_wconf 84' lang='lat' dir='ltr'>‘tantia</span> <span class='ocrx_word' id='word_1_133' title='bbox 400 1737 518 1802; x_wconf 78' lang='lat' dir='ltr'>aliquove</span> <span class='ocrx_word' id='word_1_134' title='bbox 542 1736 608 1785; x_wconf 86' lang='lat' dir='ltr'>libro</span> <span class='ocrx_word' id='word_1_135' title='bbox 635 1735 739 1799; x_wconf 89' lang='lat' dir='ltr'>prodita</span> <span class='ocrx_word' id='word_1_136' title='bbox 758 1736 813 1783; x_wconf 80' lang='lat' dir='ltr'>vrri·</span> <span class='ocrx_word' id='word_1_137' title='bbox 853 1733 944 1781; x_wconf 88' lang='lat' dir='ltr'>‘suam</span> <span class='ocrx_word' id='word_1_138' title='bbox 963 1734 1128 1795; x_wconf 81' lang='lat' dir='ltr'>interponere</span> <span class='ocrx_word' id='word_1_139' title='bbox 1146 1735 1250 1783; x_wconf 82' lang='lat' dir='ltr'>audeat.</span> <span class='ocrx_word' id='word_1_140' title='bbox 1288 1736 1329 1785; x_wconf 82' lang='lat' dir='ltr'>Ao</span> <span class='ocrx_word' id='word_1_141' title='bbox 1352 1751 1385 1787; x_wconf 86' lang='lat' dir='ltr'>ns</span> 
     </span>
     <span class='ocr_line' id='line_1_17' title="bbox 277 1809 1385 1875; baseline 0.001 -14"><span class='ocrx_word' id='word_1_142' title='bbox 277 1812 359 1864; x_wconf 80' lang='lat' dir='ltr'>‘nera</span> <span class='ocrx_word' id='word_1_143' title='bbox 381 1828 472 1863; x_wconf 85' lang='lat' dir='ltr'>sanare</span> <span class='ocrx_word' id='word_1_144' title='bbox 500 1814 632 1872; x_wconf 81' lang='lat' dir='ltr'>volumns3</span> <span class='ocrx_word' id='word_1_145' title='bbox 662 1811 813 1861; x_wconf 86' lang='lat' dir='ltr'>transmitti·</span> <span class='ocrx_word' id='word_1_146' title='bbox 853 1810 961 1871; x_wconf 85' lang='lat' dir='ltr'>‘potest</span> <span class='ocrx_word' id='word_1_147' title='bbox 978 1809 1079 1873; x_wconf 87' lang='lat' dir='ltr'>quidem</span> <span class='ocrx_word' id='word_1_148' title='bbox 1099 1809 1166 1872; x_wconf 88' lang='lat' dir='ltr'>fieri,</span> <span class='ocrx_word' id='word_1_149' title='bbox 1182 1817 1212 1860; x_wconf 93' lang='lat' dir='ltr'>ut</span> <span class='ocrx_word' id='word_1_150' title='bbox 1231 1812 1274 1875; x_wconf 91' lang='lat' dir='ltr'>qni</span> <span class='ocrx_word' id='word_1_151' title='bbox 1294 1814 1385 1875; x_wconf 83' lang='lat' dir='ltr'>paucis</span> 
     </span>
     <span class='ocr_line' id='line_1_18' title="bbox 279 1878 1386 1952; baseline 0 -14"><span class='ocrx_word' id='word_1_152' title='bbox 279 1887 356 1938; x_wconf 79' lang='lat' dir='ltr'>‘mus</span> <span class='ocrx_word' id='word_1_153' title='bbox 367 1891 451 1951; x_wconf 88' lang='lat' dir='ltr'>plura,</span> <span class='ocrx_word' id='word_1_154' title='bbox 468 1889 611 1937; x_wconf 86' lang='lat' dir='ltr'>adsensum</span> <span class='ocrx_word' id='word_1_155' title='bbox 625 1886 729 1951; x_wconf 90' lang='lat' dir='ltr'>quidem</span> <span class='ocrx_word' id='word_1_156' title='bbox 746 1887 814 1940; x_wconf 83' lang='lat' dir='ltr'>bons</span> <span class='ocrx_word' id='word_1_157' title='bbox 852 1878 1015 1947; x_wconf 53' lang='lat' dir='ltr'>‘codicibus</span> <span class='ocrx_word' id='word_1_158' title='bbox 1031 1884 1121 1949; x_wconf 87' lang='lat' dir='ltr'>quales</span> <span class='ocrx_word' id='word_1_159' title='bbox 1138 1886 1217 1949; x_wconf 77' lang='lat' dir='ltr'>vulgo</span> <span class='ocrx_word' id='word_1_160' title='bbox 1236 1896 1386 1952; x_wconf 85' lang='lat' dir='ltr'>occurrunt,</span> 
     </span>
     <span class='ocr_line' id='line_1_19' title="bbox 278 1958 1385 2027; baseline -0.005 -14"><span class='ocrx_word' id='word_1_161' title='bbox 278 1964 328 2013; x_wconf 83' lang='lat' dir='ltr'>‘et</span> <span class='ocrx_word' id='word_1_162' title='bbox 344 1964 501 2025; x_wconf 78' lang='lat' dir='ltr'>tolerabilia,</span> <span class='ocrx_word' id='word_1_163' title='bbox 518 1964 564 2011; x_wconf 87' lang='lat' dir='ltr'>sed</span> <span class='ocrx_word' id='word_1_164' title='bbox 581 1963 612 2012; x_wconf 81' lang='lat' dir='ltr'>ad</span> <span class='ocrx_word' id='word_1_165' title='bbox 630 1962 812 2013; x_wconf 84' lang='lat' dir='ltr'>auctoritatem</span> <span class='ocrx_word' id='word_1_166' title='bbox 852 1958 956 2009; x_wconf 84' lang='lat' dir='ltr'>‘fretus</span> <span class='ocrx_word' id='word_1_167' title='bbox 979 1961 1158 2022; x_wconf 87' lang='lat' dir='ltr'>conjecturam</span> <span class='ocrx_word' id='word_1_168' title='bbox 1175 1962 1292 2025; x_wconf 88' lang='lat' dir='ltr'>quamvis</span> <span class='ocrx_word' id='word_1_169' title='bbox 1312 1978 1385 2027; x_wconf 72' lang='lat' dir='ltr'>saga.</span> 
     </span>
     <span class='ocr_line' id='line_1_20' title="bbox 278 2036 1385 2103; baseline 0.005 -15"><span class='ocrx_word' id='word_1_170' title='bbox 278 2038 287 2069; x_wconf 74' lang='lat'><em>⁸</em></span> <span class='ocrx_word' id='word_1_171' title='bbox 299 2040 378 2089; x_wconf 80' lang='lat' dir='ltr'><strong>nihilo</strong></span> <span class='ocrx_word' id='word_1_172' title='bbox 390 2041 497 2089; x_wconf 80' lang='lat' dir='ltr'><strong>meliora</strong></span> <span class='ocrx_word' id='word_1_173' title='bbox 517 2040 643 2103; x_wconf 79' lang='lat' dir='ltr'>pessimis.</span> <span class='ocrx_word' id='word_1_174' title='bbox 677 2040 753 2090; x_wconf 84' lang='lat' dir='ltr'>Justa</span> <span class='ocrx_word' id='word_1_175' title='bbox 770 2055 813 2089; x_wconf 83' lang='lat' dir='ltr'>su·</span> <span class='ocrx_word' id='word_1_176' title='bbox 852 2036 861 2063; x_wconf 89' lang='lat'><em>‘</em></span> <span class='ocrx_word' id='word_1_177' title='bbox 873 2038 976 2085; x_wconf 88' lang='lat' dir='ltr'>cissime</span> <span class='ocrx_word' id='word_1_178' title='bbox 988 2044 1119 2099; x_wconf 79' lang='lat' dir='ltr'>exercent,</span> <span class='ocrx_word' id='word_1_179' title='bbox 1130 2039 1156 2086; x_wconf 76' lang='lat' dir='ltr'>in</span> <span class='ocrx_word' id='word_1_180' title='bbox 1169 2039 1257 2089; x_wconf 78' lang='lat' dir='ltr'>multis</span> <span class='ocrx_word' id='word_1_181' title='bbox 1269 2048 1385 2092; x_wconf 78' lang='lat' dir='ltr'>veterem</span> 
     </span>
     <span class='ocr_line' id='line_1_21' title="bbox 278 2112 1387 2181; baseline 0.002 -17"><span class='ocrx_word' id='word_1_182' title='bbox 278 2114 353 2165; x_wconf 84' lang='lat' dir='ltr'>‘tem</span> <span class='ocrx_word' id='word_1_183' title='bbox 373 2116 506 2179; x_wconf 76' lang='lat' dir='ltr'>recensio,</span> <span class='ocrx_word' id='word_1_184' title='bbox 517 2116 643 2165; x_wconf 89' lang='lat' dir='ltr'>bonorum</span> <span class='ocrx_word' id='word_1_185' title='bbox 660 2116 813 2165; x_wconf 87' lang='lat' dir='ltr'>instrumen-</span> <span class='ocrx_word' id='word_1_186' title='bbox 852 2112 903 2161; x_wconf 82' lang='lat' dir='ltr'>‘ac</span> <span class='ocrx_word' id='word_1_187' title='bbox 920 2126 1067 2175; x_wconf 80' lang='lat' dir='ltr'><strong>germanam</strong></span> <span class='ocrx_word' id='word_1_188' title='bbox 1090 2115 1247 2177; x_wconf 86' lang='lat' dir='ltr'>scripturam</span> <span class='ocrx_word' id='word_1_189' title='bbox 1270 2132 1387 2181; x_wconf 76' lang='lat' dir='ltr'>assequa-</span> 
     </span>
     <span class='ocr_line' id='line_1_22' title="bbox 279 2189 1385 2256; baseline 0 -16"><span class='ocrx_word' id='word_1_190' title='bbox 279 2189 384 2241; x_wconf 80' lang='lat' dir='ltr'>‘torum</span> <span class='ocrx_word' id='word_1_191' title='bbox 395 2192 506 2241; x_wconf 90' lang='lat' dir='ltr'>omnium</span> <span class='ocrx_word' id='word_1_192' title='bbox 517 2190 611 2255; x_wconf 86' lang='lat' dir='ltr'>stipata</span> <span class='ocrx_word' id='word_1_193' title='bbox 622 2191 750 2256; x_wconf 78' lang='lat' dir='ltr'>prasidio,</span> <span class='ocrx_word' id='word_1_194' title='bbox 759 2192 814 2241; x_wconf 88' lang='lat' dir='ltr'>ubi·</span> <span class='ocrx_word' id='word_1_195' title='bbox 852 2190 860 2216; x_wconf 89' lang='lat'><em>‘</em></span> <span class='ocrx_word' id='word_1_196' title='bbox 874 2195 924 2237; x_wconf 87' lang='lat' dir='ltr'>tur.</span> <span class='ocrx_word' id='word_1_197' title='bbox 961 2190 1027 2238; x_wconf 88' lang='lat' dir='ltr'>Nam</span> <span class='ocrx_word' id='word_1_198' title='bbox 1047 2197 1077 2238; x_wconf 91' lang='lat' dir='ltr'>nt</span> <span class='ocrx_word' id='word_1_199' title='bbox 1094 2189 1120 2237; x_wconf 91' lang='lat' dir='ltr'>in</span> <span class='ocrx_word' id='word_1_200' title='bbox 1144 2191 1219 2239; x_wconf 88' lang='lat' dir='ltr'>rebus</span> <span class='ocrx_word' id='word_1_201' title='bbox 1235 2191 1385 2255; x_wconf 80' lang='lat' dir='ltr'>judicandis</span> 
     </span>
     <span class='ocr_line' id='line_1_23' title="bbox 278 2264 1385 2331; baseline 0.003 -16"><span class='ocrx_word' id='word_1_202' title='bbox 278 2264 449 2330; x_wconf 85' lang='lat' dir='ltr'>‘queveram</span> <span class='ocrx_word' id='word_1_203' title='bbox 461 2282 563 2316; x_wconf 90' lang='lat' dir='ltr'>manum</span> <span class='ocrx_word' id='word_1_204' title='bbox 584 2266 716 2330; x_wconf 88' lang='lat' dir='ltr'>scriptoris</span> <span class='ocrx_word' id='word_1_205' title='bbox 736 2269 812 2318; x_wconf 85' lang='lat' dir='ltr'>rima·</span> <span class='ocrx_word' id='word_1_206' title='bbox 852 2266 1015 2315; x_wconf 84' lang='lat' dir='ltr'>‘tabularum</span> <span class='ocrx_word' id='word_1_207' title='bbox 1044 2273 1072 2317; x_wconf 88' lang='lat' dir='ltr'>et</span> <span class='ocrx_word' id='word_1_208' title='bbox 1099 2267 1232 2316; x_wconf 83' lang='lat' dir='ltr'>literarum</span> <span class='ocrx_word' id='word_1_209' title='bbox 1251 2268 1385 2331; x_wconf 83' lang='lat' dir='ltr'>penuriam</span> 
     </span>
     <span class='ocr_line' id='line_1_24' title="bbox 279 2342 1386 2411; baseline 0 -20"><span class='ocrx_word' id='word_1_210' title='bbox 279 2343 358 2404; x_wconf 82' lang='lat' dir='ltr'>‘tur3</span> <span class='ocrx_word' id='word_1_211' title='bbox 386 2344 522 2407; x_wconf 88' lang='lat' dir='ltr'>scripturae</span> <span class='ocrx_word' id='word_1_212' title='bbox 541 2346 674 2410; x_wconf 84' lang='lat' dir='ltr'>cujusque,</span> <span class='ocrx_word' id='word_1_213' title='bbox 694 2360 744 2395; x_wconf 91' lang='lat' dir='ltr'>non</span> <span class='ocrx_word' id='word_1_214' title='bbox 759 2361 813 2395; x_wconf 89' lang='lat' dir='ltr'>mo·</span> <span class='ocrx_word' id='word_1_215' title='bbox 853 2342 1001 2405; x_wconf 77' lang='lat' dir='ltr'>‘ingenium</span> <span class='ocrx_word' id='word_1_216' title='bbox 1024 2359 1192 2407; x_wconf 80' lang='lat' dir='ltr'>compensare</span> <span class='ocrx_word' id='word_1_217' title='bbox 1217 2346 1315 2395; x_wconf 79' lang='lat' dir='ltr'>nullum</span> <span class='ocrx_word' id='word_1_218' title='bbox 1339 2362 1386 2411; x_wconf 84' lang='lat' dir='ltr'>po·</span> 
     </span>
     <span class='ocr_line' id='line_1_25' title="bbox 279 2418 1386 2485; baseline 0.005 -18"><span class='ocrx_word' id='word_1_219' title='bbox 279 2418 335 2467; x_wconf 84' lang='lat' dir='ltr'>‘do</span> <span class='ocrx_word' id='word_1_220' title='bbox 356 2427 493 2481; x_wconf 81' lang='lat' dir='ltr'>suspectae,</span> <span class='ocrx_word' id='word_1_221' title='bbox 521 2427 601 2469; x_wconf 87' lang='lat' dir='ltr'>testes</span> <span class='ocrx_word' id='word_1_222' title='bbox 622 2420 711 2469; x_wconf 88' lang='lat' dir='ltr'>ordine</span> <span class='ocrx_word' id='word_1_223' title='bbox 733 2421 814 2471; x_wconf 90' lang='lat' dir='ltr'>inter·</span> <span class='ocrx_word' id='word_1_224' title='bbox 853 2418 862 2446; x_wconf 82' lang='lat'>‘</span> <span class='ocrx_word' id='word_1_225' title='bbox 876 2425 945 2480; x_wconf 87' lang='lat' dir='ltr'>test;</span> <span class='ocrx_word' id='word_1_226' title='bbox 955 2420 993 2469; x_wconf 88' lang='lat' dir='ltr'>ita</span> <span class='ocrx_word' id='word_1_227' title='bbox 1003 2420 1248 2485; x_wconf 78' lang='lat' dir='ltr'>acerrimaejusvis,</span> <span class='ocrx_word' id='word_1_228' title='bbox 1259 2437 1309 2470; x_wconf 93' lang='lat' dir='ltr'>non</span> <span class='ocrx_word' id='word_1_229' title='bbox 1321 2429 1386 2473; x_wconf 81' lang='lat' dir='ltr'>tem·</span> 
     </span>
     <span class='ocr_line' id='line_1_26' title="bbox 278 2494 1387 2562; baseline 0.005 -17"><span class='ocrx_word' id='word_1_230' title='bbox 278 2494 287 2528; x_wconf 85' lang='lat'>‘</span> <span class='ocrx_word' id='word_1_231' title='bbox 299 2500 383 2559; x_wconf 78' lang='lat' dir='ltr'>rogat,</span> <span class='ocrx_word' id='word_1_232' title='bbox 396 2502 423 2544; x_wconf 89' lang='lat' dir='ltr'>et</span> <span class='ocrx_word' id='word_1_233' title='bbox 435 2512 510 2561; x_wconf 90' lang='lat' dir='ltr'>quam</span> <span class='ocrx_word' id='word_1_234' title='bbox 524 2512 611 2546; x_wconf 89' lang='lat' dir='ltr'>omnes</span> <span class='ocrx_word' id='word_1_235' title='bbox 628 2503 752 2562; x_wconf 84' lang='lat' dir='ltr'>annuunt,</span> <span class='ocrx_word' id='word_1_236' title='bbox 762 2512 814 2549; x_wconf 90' lang='lat' dir='ltr'>non</span> <span class='ocrx_word' id='word_1_237' title='bbox 854 2495 862 2522; x_wconf 87' lang='lat'>‘</span> <span class='ocrx_word' id='word_1_238' title='bbox 875 2502 968 2558; x_wconf 85' lang='lat' dir='ltr'>perata</span> <span class='ocrx_word' id='word_1_239' title='bbox 978 2503 1006 2546; x_wconf 88' lang='lat' dir='ltr'>et</span> <span class='ocrx_word' id='word_1_240' title='bbox 1017 2496 1126 2547; x_wconf 87' lang='lat' dir='ltr'>subacta</span> <span class='ocrx_word' id='word_1_241' title='bbox 1136 2498 1239 2547; x_wconf 89' lang='lat' dir='ltr'>assiduo</span> <span class='ocrx_word' id='word_1_242' title='bbox 1251 2514 1297 2552; x_wconf 84' lang='lat' dir='ltr'>usn</span> <span class='ocrx_word' id='word_1_243' title='bbox 1306 2500 1387 2551; x_wconf 83' lang='lat' dir='ltr'>libro·</span> 
     </span>
     <span class='ocr_line' id='line_1_27' title="bbox 278 2570 1385 2636; baseline 0.005 -15"><span class='ocrx_word' id='word_1_244' title='bbox 278 2570 347 2621; x_wconf 77' lang='lat' dir='ltr'>‘uisi</span> <span class='ocrx_word' id='word_1_245' title='bbox 366 2572 523 2636; x_wconf 79' lang='lat' dir='ltr'>gravissimis</span> <span class='ocrx_word' id='word_1_246' title='bbox 541 2572 574 2623; x_wconf 90' lang='lat' dir='ltr'>de</span> <span class='ocrx_word' id='word_1_247' title='bbox 593 2574 675 2622; x_wconf 87' lang='lat' dir='ltr'>causis</span> <span class='ocrx_word' id='word_1_248' title='bbox 693 2574 749 2623; x_wconf 88' lang='lat' dir='ltr'>ioco</span> <span class='ocrx_word' id='word_1_249' title='bbox 760 2591 814 2624; x_wconf 89' lang='lat' dir='ltr'>mo·</span> <span class='ocrx_word' id='word_1_250' title='bbox 854 2573 940 2635; x_wconf 91' lang='lat' dir='ltr'>‘rum,</span> <span class='ocrx_word' id='word_1_251' title='bbox 958 2574 984 2622; x_wconf 89' lang='lat' dir='ltr'>in</span> <span class='ocrx_word' id='word_1_252' title='bbox 1000 2574 1131 2623; x_wconf 82' lang='lat' dir='ltr'>historicis</span> <span class='ocrx_word' id='word_1_253' title='bbox 1148 2582 1176 2625; x_wconf 88' lang='lat' dir='ltr'>et</span> <span class='ocrx_word' id='word_1_254' title='bbox 1195 2576 1291 2625; x_wconf 89' lang='lat' dir='ltr'>criticis</span> <span class='ocrx_word' id='word_1_255' title='bbox 1307 2577 1385 2628; x_wconf 87' lang='lat' dir='ltr'>rebus</span> 
     </span>
     <span class='ocr_line' id='line_1_28' title="bbox 279 2647 1387 2715; baseline 0.006 -19"><span class='ocrx_word' id='word_1_256' title='bbox 279 2647 362 2709; x_wconf 82' lang='lat' dir='ltr'>‘vet3</span> <span class='ocrx_word' id='word_1_257' title='bbox 380 2648 440 2712; x_wconf 83' lang='lat' dir='ltr'>aiis,</span> <span class='ocrx_word' id='word_1_258' title='bbox 461 2662 509 2711; x_wconf 90' lang='lat' dir='ltr'>per</span> <span class='ocrx_word' id='word_1_259' title='bbox 527 2664 554 2698; x_wconf 82' lang='lat' dir='ltr'>se</span> <span class='ocrx_word' id='word_1_260' title='bbox 573 2648 701 2713; x_wconf 86' lang='lat' dir='ltr'>scriptore</span> <span class='ocrx_word' id='word_1_261' title='bbox 718 2649 815 2714; x_wconf 80' lang='lat' dir='ltr'>diguis-</span> <span class='ocrx_word' id='word_1_262' title='bbox 853 2649 969 2700; x_wconf 78' lang='lat' dir='ltr'>‘frustra</span> <span class='ocrx_word' id='word_1_263' title='bbox 986 2651 1096 2700; x_wconf 80' lang='lat' dir='ltr'>laborat.</span> <span class='ocrx_word' id='word_1_264' title='bbox 1131 2652 1236 2715; x_wconf 80' lang='lat' dir='ltr'>Quippe</span> <span class='ocrx_word' id='word_1_265' title='bbox 1252 2653 1292 2700; x_wconf 76' lang='lat' dir='ltr'>hae</span> <span class='ocrx_word' id='word_1_266' title='bbox 1309 2659 1387 2703; x_wconf 70' lang='lat' dir='ltr'>utrae·</span> 
     </span>
     <span class='ocr_line' id='line_1_29' title="bbox 281 2723 1386 2791; baseline 0.006 -19"><span class='ocrx_word' id='word_1_267' title='bbox 281 2723 376 2787; x_wconf 85' lang='lat' dir='ltr'>‘sima,</span> <span class='ocrx_word' id='word_1_268' title='bbox 393 2729 421 2772; x_wconf 88' lang='lat' dir='ltr'>et</span> <span class='ocrx_word' id='word_1_269' title='bbox 440 2724 471 2772; x_wconf 89' lang='lat' dir='ltr'>ad</span> <span class='ocrx_word' id='word_1_270' title='bbox 492 2725 629 2774; x_wconf 83' lang='lat' dir='ltr'>veritatem</span> <span class='ocrx_word' id='word_1_271' title='bbox 648 2742 692 2775; x_wconf 87' lang='lat' dir='ltr'>sen</span> <span class='ocrx_word' id='word_1_272' title='bbox 712 2728 813 2791; x_wconf 75' lang='lat' dir='ltr'>elegen·</span> <span class='ocrx_word' id='word_1_273' title='bbox 854 2727 978 2790; x_wconf 86' lang='lat' dir='ltr'>‘queres</span> <span class='ocrx_word' id='word_1_274' title='bbox 995 2727 1077 2789; x_wconf 78' lang='lat' dir='ltr'>magis</span> <span class='ocrx_word' id='word_1_275' title='bbox 1089 2726 1192 2775; x_wconf 89' lang='lat' dir='ltr'>nomine</span> <span class='ocrx_word' id='word_1_276' title='bbox 1204 2741 1279 2791; x_wconf 90' lang='lat' dir='ltr'>qnam</span> <span class='ocrx_word' id='word_1_277' title='bbox 1290 2741 1386 2791; x_wconf 78' lang='lat' dir='ltr'>genera</span> 
     </span>
     <span class='ocr_line' id='line_1_30' title="bbox 279 2798 1387 2874; baseline 0.01 -27"><span class='ocrx_word' id='word_1_278' title='bbox 279 2798 364 2847; x_wconf 82' lang='lat' dir='ltr'>‘tiam</span> <span class='ocrx_word' id='word_1_279' title='bbox 390 2800 527 2848; x_wconf 80' lang='lat' dir='ltr'>sententiae</span> <span class='ocrx_word' id='word_1_280' title='bbox 554 2802 660 2863; x_wconf 86' lang='lat' dir='ltr'>optima,</span> <span class='ocrx_word' id='word_1_281' title='bbox 684 2816 734 2851; x_wconf 89' lang='lat' dir='ltr'>non</span> <span class='ocrx_word' id='word_1_282' title='bbox 763 2804 812 2874; x_wconf 83' lang='lat' dir='ltr'>nisi</span> <span class='ocrx_word' id='word_1_283' title='bbox 853 2804 941 2854; x_wconf 82' lang='lat' dir='ltr'>‘inter</span> <span class='ocrx_word' id='word_1_284' title='bbox 957 2820 984 2855; x_wconf 87' lang='lat' dir='ltr'>se</span> <span class='ocrx_word' id='word_1_285' title='bbox 1001 2804 1134 2864; x_wconf 81' lang='lat' dir='ltr'>differunt,</span> <span class='ocrx_word' id='word_1_286' title='bbox 1152 2820 1200 2853; x_wconf 91' lang='lat' dir='ltr'>nec</span> <span class='ocrx_word' id='word_1_287' title='bbox 1217 2803 1327 2856; x_wconf 84' lang='lat' dir='ltr'>diversis</span> <span class='ocrx_word' id='word_1_288' title='bbox 1348 2814 1387 2858; x_wconf 87' lang='lat' dir='ltr'>te·</span> 
     </span>
     <span class='ocr_line' id='line_1_31' title="bbox 280 2872 1387 2948; baseline 0.01 -25"><span class='ocrx_word' id='word_1_289' title='bbox 280 2872 485 2939; x_wconf 84' lang='lat' dir='ltr'>‘suffragatione</span> <span class='ocrx_word' id='word_1_290' title='bbox 499 2878 602 2927; x_wconf 88' lang='lat' dir='ltr'>testium</span> <span class='ocrx_word' id='word_1_291' title='bbox 614 2878 710 2942; x_wconf 88' lang='lat' dir='ltr'>recipit</span> <span class='ocrx_word' id='word_1_292' title='bbox 718 2898 726 2940; x_wconf 80' lang='lat' dir='ltr'>i</span> <span class='ocrx_word' id='word_1_293' title='bbox 742 2878 812 2929; x_wconf 84' lang='lat' dir='ltr'>haud</span> <span class='ocrx_word' id='word_1_294' title='bbox 851 2881 860 2907; x_wconf 88' lang='lat'>‘</span> <span class='ocrx_word' id='word_1_295' title='bbox 872 2888 966 2931; x_wconf 87' lang='lat' dir='ltr'>nentur</span> <span class='ocrx_word' id='word_1_296' title='bbox 984 2881 1122 2945; x_wconf 85' lang='lat' dir='ltr'>judicandi</span> <span class='ocrx_word' id='word_1_297' title='bbox 1144 2881 1248 2945; x_wconf 76' lang='lat' dir='ltr'>regulis.</span> <span class='ocrx_word' id='word_1_298' title='bbox 1291 2882 1387 2948; x_wconf 82' lang='lat' dir='ltr'>Itaque</span> 
     </span>
     <span class='ocr_line' id='line_1_32' title="bbox 280 2950 1388 3023; baseline 0.009 -24"><span class='ocrx_word' id='word_1_299' title='bbox 280 2950 360 3001; x_wconf 88' lang='lat' dir='ltr'>‘raro</span> <span class='ocrx_word' id='word_1_300' title='bbox 386 2952 459 3013; x_wconf 85' lang='lat' dir='ltr'>adeo,</span> <span class='ocrx_word' id='word_1_301' title='bbox 491 2952 642 3016; x_wconf 84' lang='lat' dir='ltr'>cogentibus</span> <span class='ocrx_word' id='word_1_302' title='bbox 670 2954 730 3016; x_wconf 85' lang='lat' dir='ltr'>iliis,</span> <span class='ocrx_word' id='word_1_303' title='bbox 765 2970 812 3018; x_wconf 88' lang='lat' dir='ltr'>pro</span> <span class='ocrx_word' id='word_1_304' title='bbox 852 2957 900 3007; x_wconf 91' lang='lat' dir='ltr'>‘nt</span> <span class='ocrx_word' id='word_1_305' title='bbox 925 2959 1064 3023; x_wconf 73' lang='lat' dir='ltr'>ingenium,</span> <span class='ocrx_word' id='word_1_306' title='bbox 1079 2960 1149 3008; x_wconf 89' lang='lat' dir='ltr'>sicut</span> <span class='ocrx_word' id='word_1_307' title='bbox 1173 2974 1223 3023; x_wconf 88' lang='lat' dir='ltr'>par</span> <span class='ocrx_word' id='word_1_308' title='bbox 1239 2966 1290 3021; x_wconf 85' lang='lat' dir='ltr'>est,</span> <span class='ocrx_word' id='word_1_309' title='bbox 1309 2974 1388 3009; x_wconf 80' lang='lat' dir='ltr'>mem·</span> 
     </span>
     <span class='ocr_line' id='line_1_33' title="bbox 280 3026 1387 3101; baseline 0.009 -24"><span class='ocrx_word' id='word_1_310' title='bbox 280 3026 416 3078; x_wconf 82' lang='lat' dir='ltr'>‘venustis</span> <span class='ocrx_word' id='word_1_311' title='bbox 432 3028 512 3080; x_wconf 82' lang='lat' dir='ltr'>insert</span> <span class='ocrx_word' id='word_1_312' title='bbox 524 3030 605 3080; x_wconf 85' lang='lat' dir='ltr'>minus</span> <span class='ocrx_word' id='word_1_313' title='bbox 620 3038 745 3093; x_wconf 69' lang='lat' dir='ltr'>venusta,</span> <span class='ocrx_word' id='word_1_314' title='bbox 762 3047 814 3081; x_wconf 87' lang='lat' dir='ltr'>enr-</span> <span class='ocrx_word' id='word_1_315' title='bbox 853 3034 1008 3084; x_wconf 85' lang='lat' dir='ltr'>‘branaceis</span> <span class='ocrx_word' id='word_1_316' title='bbox 1025 3037 1150 3083; x_wconf 74' lang='lat' dir='ltr'>thesauris</span> <span class='ocrx_word' id='word_1_317' title='bbox 1161 3037 1238 3098; x_wconf 79' lang='lat' dir='ltr'>longe</span> <span class='ocrx_word' id='word_1_318' title='bbox 1255 3035 1387 3101; x_wconf 68' lang='lat' dir='ltr'>praeferas,</span> 
     </span>
     <span class='ocr_line' id='line_1_34' title="bbox 281 3102 1387 3172; baseline 0.007 -19"><span class='ocrx_word' id='word_1_319' title='bbox 281 3102 407 3168; x_wconf 81' lang='lat' dir='ltr'>‘plastris</span> <span class='ocrx_word' id='word_1_320' title='bbox 427 3107 517 3155; x_wconf 82' lang='lat' dir='ltr'>solutis</span> <span class='ocrx_word' id='word_1_321' title='bbox 529 3107 615 3157; x_wconf 84' lang='lat' dir='ltr'>ulcera</span> <span class='ocrx_word' id='word_1_322' title='bbox 627 3107 720 3169; x_wconf 83' lang='lat' dir='ltr'>nudat;</span> <span class='ocrx_word' id='word_1_323' title='bbox 742 3107 814 3155; x_wconf 83' lang='lat' dir='ltr'>deni·</span> <span class='ocrx_word' id='word_1_324' title='bbox 854 3108 862 3136; x_wconf 87' lang='lat'>‘</span> <span class='ocrx_word' id='word_1_325' title='bbox 876 3110 1013 3171; x_wconf 82' lang='lat' dir='ltr'>plurimum</span> <span class='ocrx_word' id='word_1_326' title='bbox 1024 3116 1110 3158; x_wconf 87' lang='lat' dir='ltr'>tamen</span> <span class='ocrx_word' id='word_1_327' title='bbox 1128 3109 1237 3156; x_wconf 83' lang='lat' dir='ltr'>interest</span> <span class='ocrx_word' id='word_1_328' title='bbox 1254 3110 1333 3172; x_wconf 88' lang='lat' dir='ltr'>ipsius</span> <span class='ocrx_word' id='word_1_329' title='bbox 1348 3110 1387 3161; x_wconf 84' lang='lat' dir='ltr'>in·</span> 
     </span>
     <span class='ocr_line' id='line_1_35' title="bbox 280 3176 1388 3249; baseline 0.008 -21"><span class='ocrx_word' id='word_1_330' title='bbox 280 3176 352 3245; x_wconf 83' lang='lat' dir='ltr'>‘que</span> <span class='ocrx_word' id='word_1_331' title='bbox 371 3196 422 3229; x_wconf 90' lang='lat' dir='ltr'>non</span> <span class='ocrx_word' id='word_1_332' title='bbox 439 3191 582 3232; x_wconf 85' lang='lat' dir='ltr'>monstrata</span> <span class='ocrx_word' id='word_1_333' title='bbox 600 3184 691 3244; x_wconf 83' lang='lat' dir='ltr'>solum,</span> <span class='ocrx_word' id='word_1_334' title='bbox 709 3187 740 3230; x_wconf 91' lang='lat' dir='ltr'>nt</span> <span class='ocrx_word' id='word_1_335' title='bbox 754 3182 815 3230; x_wconf 87' lang='lat' dir='ltr'>maii</span> <span class='ocrx_word' id='word_1_336' title='bbox 854 3181 954 3246; x_wconf 58' lang='lat' dir='ltr'>‘genii</span> <span class='ocrx_word' id='word_1_337' title='bbox 971 3198 1046 3249; x_wconf 88' lang='lat' dir='ltr'>quam</span> <span class='ocrx_word' id='word_1_338' title='bbox 1063 3184 1185 3248; x_wconf 82' lang='lat' dir='ltr'>plurimos</span> <span class='ocrx_word' id='word_1_339' title='bbox 1197 3185 1300 3234; x_wconf 88' lang='lat' dir='ltr'>codices</span> <span class='ocrx_word' id='word_1_340' title='bbox 1316 3200 1388 3237; x_wconf 88' lang='lat' dir='ltr'>com·</span> 
     </span>
     <span class='ocr_line' id='line_1_36' title="bbox 280 3254 1387 3324; baseline 0.007 -19"><span class='ocrx_word' id='word_1_341' title='bbox 280 3254 289 3284; x_wconf 87' lang='lat'>‘</span> <span class='ocrx_word' id='word_1_342' title='bbox 301 3257 407 3319; x_wconf 87' lang='lat' dir='ltr'>medici,</span> <span class='ocrx_word' id='word_1_343' title='bbox 419 3260 464 3307; x_wconf 87' lang='lat' dir='ltr'>sed</span> <span class='ocrx_word' id='word_1_344' title='bbox 483 3266 511 3309; x_wconf 87' lang='lat' dir='ltr'>et</span> <span class='ocrx_word' id='word_1_345' title='bbox 526 3258 634 3308; x_wconf 82' lang='lat' dir='ltr'>latentia</span> <span class='ocrx_word' id='word_1_346' title='bbox 655 3258 719 3307; x_wconf 85' lang='lat' dir='ltr'>vitia</span> <span class='ocrx_word' id='word_1_347' title='bbox 729 3264 813 3308; x_wconf 83' lang='lat' dir='ltr'>curat.</span> <span class='ocrx_word' id='word_1_348' title='bbox 854 3258 862 3284; x_wconf 94' lang='lat'>‘</span> <span class='ocrx_word' id='word_1_349' title='bbox 874 3259 971 3321; x_wconf 83' lang='lat' dir='ltr'>parari,</span> <span class='ocrx_word' id='word_1_350' title='bbox 981 3274 1086 3323; x_wconf 87' lang='lat' dir='ltr'>qnorum</span> <span class='ocrx_word' id='word_1_351' title='bbox 1099 3260 1251 3309; x_wconf 86' lang='lat' dir='ltr'>testimoniis</span> <span class='ocrx_word' id='word_1_352' title='bbox 1258 3260 1387 3324; x_wconf 84' lang='lat' dir='ltr'>judicium</span> 
     </span>
     <span class='ocr_line' id='line_1_37' title="bbox 282 3331 1387 3398; baseline 0.008 -17"><span class='ocrx_word' id='word_1_353' title='bbox 282 3331 364 3382; x_wconf 86' lang='lat' dir='ltr'>‘Hac</span> <span class='ocrx_word' id='word_1_354' title='bbox 381 3334 408 3382; x_wconf 89' lang='lat' dir='ltr'>in</span> <span class='ocrx_word' id='word_1_355' title='bbox 428 3337 528 3383; x_wconf 87' lang='lat' dir='ltr'>ratione</span> <span class='ocrx_word' id='word_1_356' title='bbox 541 3334 643 3383; x_wconf 86' lang='lat' dir='ltr'>tametsi</span> <span class='ocrx_word' id='word_1_357' title='bbox 663 3334 766 3396; x_wconf 78' lang='lat' dir='ltr'>ingenio</span> <span class='ocrx_word' id='word_1_358' title='bbox 785 3340 814 3383; x_wconf 86' lang='lat' dir='ltr'>et</span> <span class='ocrx_word' id='word_1_359' title='bbox 854 3334 909 3382; x_wconf 87' lang='lat' dir='ltr'>‘de</span> <span class='ocrx_word' id='word_1_360' title='bbox 925 3350 987 3385; x_wconf 80' lang='lat' dir='ltr'>vera</span> <span class='ocrx_word' id='word_1_361' title='bbox 1001 3334 1114 3384; x_wconf 86' lang='lat' dir='ltr'>lectione</span> <span class='ocrx_word' id='word_1_362' title='bbox 1131 3336 1241 3398; x_wconf 77' lang='lat' dir='ltr'>nitatur,</span> <span class='ocrx_word' id='word_1_363' title='bbox 1256 3340 1387 3391; x_wconf 79' lang='lat' dir='ltr'>simultis</span> 
     </span>
     <span class='ocr_line' id='line_1_38' title="bbox 282 3406 1388 3474; baseline 0.005 -17"><span class='ocrx_word' id='word_1_364' title='bbox 282 3406 292 3435; x_wconf 84' lang='lat'>‘</span> <span class='ocrx_word' id='word_1_365' title='bbox 304 3408 523 3474; x_wconf 82' lang='lat' dir='ltr'>articonjectandi</span> <span class='ocrx_word' id='word_1_366' title='bbox 534 3409 638 3457; x_wconf 85' lang='lat' dir='ltr'>minime</span> <span class='ocrx_word' id='word_1_367' title='bbox 648 3408 719 3457; x_wconf 90' lang='lat' dir='ltr'>iocus</span> <span class='ocrx_word' id='word_1_368' title='bbox 729 3406 814 3469; x_wconf 88' lang='lat' dir='ltr'>deest,</span> <span class='ocrx_word' id='word_1_369' title='bbox 853 3409 862 3436; x_wconf 86' lang='lat'>‘</span> <span class='ocrx_word' id='word_1_370' title='bbox 873 3410 956 3459; x_wconf 88' lang='lat' dir='ltr'>modis</span> <span class='ocrx_word' id='word_1_371' title='bbox 973 3410 1112 3474; x_wconf 83' lang='lat' dir='ltr'>adjuvetur</span> <span class='ocrx_word' id='word_1_372' title='bbox 1130 3412 1265 3462; x_wconf 86' lang='lat' dir='ltr'>divinatio.</span> <span class='ocrx_word' id='word_1_373' title='bbox 1299 3414 1388 3467; x_wconf 75' lang='lat' dir='ltr'>Quare</span> 
     </span>
     <span class='ocr_line' id='line_1_39' title="bbox 281 3481 1387 3555; baseline 0.007 -22"><span class='ocrx_word' id='word_1_374' title='bbox 281 3481 290 3511; x_wconf 79' lang='lat'><strong><em>⁴</em></strong></span> <span class='ocrx_word' id='word_1_375' title='bbox 303 3490 390 3534; x_wconf 84' lang='lat' dir='ltr'>tamen</span> <span class='ocrx_word' id='word_1_376' title='bbox 404 3485 520 3549; x_wconf 72' lang='lat' dir='ltr'>quioniam</span> <span class='ocrx_word' id='word_1_377' title='bbox 534 3484 614 3531; x_wconf 86' lang='lat' dir='ltr'>omnis</span> <span class='ocrx_word' id='word_1_378' title='bbox 624 3482 720 3531; x_wconf 86' lang='lat' dir='ltr'>veteris</span> <span class='ocrx_word' id='word_1_379' title='bbox 733 3482 814 3546; x_wconf 89' lang='lat' dir='ltr'>scrip·</span> <span class='ocrx_word' id='word_1_380' title='bbox 853 3485 925 3549; x_wconf 89' lang='lat' dir='ltr'>‘qno</span> <span class='ocrx_word' id='word_1_381' title='bbox 937 3483 1100 3550; x_wconf 79' lang='lat' dir='ltr'>frequentius</span> <span class='ocrx_word' id='word_1_382' title='bbox 1116 3488 1230 3549; x_wconf 86' lang='lat' dir='ltr'>scriptor</span> <span class='ocrx_word' id='word_1_383' title='bbox 1248 3490 1339 3555; x_wconf 82' lang='lat' dir='ltr'>aliquis</span> <span class='ocrx_word' id='word_1_384' title='bbox 1352 3490 1387 3552; x_wconf 68' lang='lat' dir='ltr'>ad</span> 
     </span>
     <span class='ocr_line' id='line_1_40' title="bbox 280 3558 1388 3629; baseline 0.006 -19"><span class='ocrx_word' id='word_1_385' title='bbox 280 3558 366 3611; x_wconf 80' lang='lat' dir='ltr'>‘turae</span> <span class='ocrx_word' id='word_1_386' title='bbox 375 3561 439 3610; x_wconf 86' lang='lat' dir='ltr'>fides</span> <span class='ocrx_word' id='word_1_387' title='bbox 451 3562 483 3609; x_wconf 91' lang='lat' dir='ltr'>ab</span> <span class='ocrx_word' id='word_1_388' title='bbox 501 3558 658 3621; x_wconf 86' lang='lat' dir='ltr'>incorruptis</span> <span class='ocrx_word' id='word_1_389' title='bbox 675 3559 814 3607; x_wconf 85' lang='lat' dir='ltr'>monimen·</span> <span class='ocrx_word' id='word_1_390' title='bbox 855 3560 995 3610; x_wconf 88' lang='lat' dir='ltr'>‘codicum</span> <span class='ocrx_word' id='word_1_391' title='bbox 1021 3562 1183 3611; x_wconf 82' lang='lat' dir='ltr'>collationem</span> <span class='ocrx_word' id='word_1_392' title='bbox 1203 3573 1309 3614; x_wconf 85' lang='lat' dir='ltr'>vocatus</span> <span class='ocrx_word' id='word_1_393' title='bbox 1336 3573 1388 3629; x_wconf 80' lang='lat' dir='ltr'>cst,</span> 
     </span>
     <span class='ocr_line' id='line_1_41' title="bbox 282 3632 1387 3701; baseline 0.006 -17"><span class='ocrx_word' id='word_1_394' title='bbox 282 3634 338 3685; x_wconf 85' lang='lat' dir='ltr'>‘tis</span> <span class='ocrx_word' id='word_1_395' title='bbox 351 3636 456 3700; x_wconf 88' lang='lat' dir='ltr'>pendet,</span> <span class='ocrx_word' id='word_1_396' title='bbox 466 3632 668 3683; x_wconf 84' lang='lat' dir='ltr'>anteomnisest</span> <span class='ocrx_word' id='word_1_397' title='bbox 679 3634 814 3683; x_wconf 85' lang='lat' dir='ltr'>elaboran·</span> <span class='ocrx_word' id='word_1_398' title='bbox 855 3636 906 3685; x_wconf 91' lang='lat' dir='ltr'>‘eo</span> <span class='ocrx_word' id='word_1_399' title='bbox 923 3637 1006 3700; x_wconf 79' lang='lat' dir='ltr'>magis</span> <span class='ocrx_word' id='word_1_400' title='bbox 1018 3638 1090 3701; x_wconf 82' lang='lat' dir='ltr'>justa</span> <span class='ocrx_word' id='word_1_401' title='bbox 1106 3639 1149 3686; x_wconf 85' lang='lat' dir='ltr'>iiia</span> <span class='ocrx_word' id='word_1_402' title='bbox 1165 3649 1192 3688; x_wconf 90' lang='lat' dir='ltr'>et</span> <span class='ocrx_word' id='word_1_403' title='bbox 1210 3648 1330 3690; x_wconf 77' lang='lat' dir='ltr'>constans</span> <span class='ocrx_word' id='word_1_404' title='bbox 1346 3655 1387 3691; x_wconf 82' lang='lat' dir='ltr'>re·</span> 
     </span>
     <span class='ocr_line' id='line_1_42' title="bbox 281 3708 1386 3781; baseline 0.005 -19"><span class='ocrx_word' id='word_1_405' title='bbox 281 3710 374 3775; x_wconf 84' lang='lat' dir='ltr'>‘dnm,</span> <span class='ocrx_word' id='word_1_406' title='bbox 386 3713 411 3761; x_wconf 87' lang='lat' dir='ltr'>iu</span> <span class='ocrx_word' id='word_1_407' title='bbox 425 3709 491 3775; x_wconf 78' lang='lat' dir='ltr'>qrrod</span> <span class='ocrx_word' id='word_1_408' title='bbox 504 3708 559 3757; x_wconf 85' lang='lat' dir='ltr'>fieri</span> <span class='ocrx_word' id='word_1_409' title='bbox 569 3718 641 3759; x_wconf 90' lang='lat' dir='ltr'>certe</span> <span class='ocrx_word' id='word_1_410' title='bbox 658 3712 749 3775; x_wconf 85' lang='lat' dir='ltr'>nequit</span> <span class='ocrx_word' id='word_1_411' title='bbox 759 3712 813 3762; x_wconf 88' lang='lat' dir='ltr'>sine</span> <span class='ocrx_word' id='word_1_412' title='bbox 853 3712 862 3738; x_wconf 90' lang='lat'>‘</span> <span class='ocrx_word' id='word_1_413' title='bbox 874 3712 962 3761; x_wconf 87' lang='lat' dir='ltr'>censio</span> <span class='ocrx_word' id='word_1_414' title='bbox 972 3712 1056 3761; x_wconf 87' lang='lat' dir='ltr'>locum</span> <span class='ocrx_word' id='word_1_415' title='bbox 1066 3713 1161 3764; x_wconf 82' lang='lat' dir='ltr'>habet:</span> <span class='ocrx_word' id='word_1_416' title='bbox 1179 3717 1204 3764; x_wconf 93' lang='lat' dir='ltr'>in</span> <span class='ocrx_word' id='word_1_417' title='bbox 1222 3718 1323 3779; x_wconf 84' lang='lat' dir='ltr'>ceteris,</span> <span class='ocrx_word' id='word_1_418' title='bbox 1339 3718 1386 3781; x_wconf 85' lang='lat' dir='ltr'>qni</span> 
     </span>
     <span class='ocr_line' id='line_1_43' title="bbox 283 3786 1387 3854; baseline 0.004 -15"><span class='ocrx_word' id='word_1_419' title='bbox 283 3788 417 3853; x_wconf 64' lang='lat' dir='ltr'>‘ingenio</span> <span class='ocrx_word' id='word_1_420' title='bbox 430 3795 456 3836; x_wconf 91' lang='lat' dir='ltr'>ut</span> <span class='ocrx_word' id='word_1_421' title='bbox 475 3786 591 3851; x_wconf 83' lang='lat' dir='ltr'>fontium,</span> <span class='ocrx_word' id='word_1_422' title='bbox 603 3789 671 3837; x_wconf 87' lang='lat' dir='ltr'>unde</span> <span class='ocrx_word' id='word_1_423' title='bbox 690 3790 813 3854; x_wconf 85' lang='lat' dir='ltr'>cujusque</span> <span class='ocrx_word' id='word_1_424' title='bbox 854 3788 958 3838; x_wconf 82' lang='lat' dir='ltr'>‘adhuc</span> <span class='ocrx_word' id='word_1_425' title='bbox 983 3791 1116 3852; x_wconf 74' lang='lat' dir='ltr'>paucitate</span> <span class='ocrx_word' id='word_1_426' title='bbox 1131 3793 1300 3841; x_wconf 73' lang='lat' dir='ltr'>subsidiorum</span> <span class='ocrx_word' id='word_1_427' title='bbox 1315 3794 1387 3843; x_wconf 81' lang='lat' dir='ltr'>isbo-</span> 
     </span>
     <span class='ocr_line' id='line_1_44' title="bbox 282 3864 1386 3932; baseline 0.003 -17"><span class='ocrx_word' id='word_1_428' title='bbox 282 3865 438 3929; x_wconf 82' lang='lat' dir='ltr'>‘scriptoris</span> <span class='ocrx_word' id='word_1_429' title='bbox 456 3870 542 3911; x_wconf 81' lang='lat' dir='ltr'>textus</span> <span class='ocrx_word' id='word_1_430' title='bbox 559 3864 701 3926; x_wconf 66' lang='lat' dir='ltr'>banniatur,</span> <span class='ocrx_word' id='word_1_431' title='bbox 713 3868 813 3929; x_wconf 86' lang='lat' dir='ltr'>propri·</span> <span class='ocrx_word' id='word_1_432' title='bbox 853 3866 941 3927; x_wconf 86' lang='lat' dir='ltr'>‘raut,</span> <span class='ocrx_word' id='word_1_433' title='bbox 962 3867 1030 3917; x_wconf 83' lang='lat' dir='ltr'>haud</span> <span class='ocrx_word' id='word_1_434' title='bbox 1046 3869 1110 3931; x_wconf 92' lang='lat' dir='ltr'>scio,</span> <span class='ocrx_word' id='word_1_435' title='bbox 1132 3884 1165 3917; x_wconf 82' lang='lat' dir='ltr'>sn</span> <span class='ocrx_word' id='word_1_436' title='bbox 1184 3869 1386 3932; x_wconf 63' lang='lat' dir='ltr'>multiplicanda</span> 
     </span>
     <span class='ocr_line' id='line_1_45' title="bbox 282 3940 1385 4007; baseline 0.006 -17"><span class='ocrx_word' id='word_1_437' title='bbox 282 3943 389 3991; x_wconf 85' lang='lat' dir='ltr'>‘etates</span> <span class='ocrx_word' id='word_1_438' title='bbox 397 3947 423 3988; x_wconf 90' lang='lat' dir='ltr'>et</span> <span class='ocrx_word' id='word_1_439' title='bbox 432 3940 707 4001; x_wconf 77' lang='lat' dir='ltr'>singularemnnturnm</span> <span class='ocrx_word' id='word_1_440' title='bbox 716 3949 814 3991; x_wconf 88' lang='lat' dir='ltr'>scrute·</span> <span class='ocrx_word' id='word_1_441' title='bbox 854 3944 1002 3993; x_wconf 86' lang='lat' dir='ltr'>‘textorum</span> <span class='ocrx_word' id='word_1_442' title='bbox 1020 3944 1107 3994; x_wconf 84' lang='lat' dir='ltr'>formis</span> <span class='ocrx_word' id='word_1_443' title='bbox 1123 3944 1178 3993; x_wconf 77' lang='lat' dir='ltr'>hnc</span> <span class='ocrx_word' id='word_1_444' title='bbox 1197 3945 1291 4007; x_wconf 84' lang='lat' dir='ltr'>studia,</span> <span class='ocrx_word' id='word_1_445' title='bbox 1309 3946 1385 3997; x_wconf 74' lang='lat' dir='ltr'>nimo</span> 
     </span>
     <span class='ocr_line' id='line_1_46' title="bbox 282 4012 1385 4085; baseline 0.006 -20"><span class='ocrx_word' id='word_1_446' title='bbox 282 4012 373 4075; x_wconf 62' lang='lat' dir='ltr'>‘mum</span> <span class='ocrx_word' id='word_1_447' title='bbox 398 4014 481 4062; x_wconf 80' lang='lat' dir='ltr'>varios</span> <span class='ocrx_word' id='word_1_448' title='bbox 503 4021 592 4077; x_wconf 82' lang='lat' dir='ltr'>testes,</span> <span class='ocrx_word' id='word_1_449' title='bbox 609 4030 657 4077; x_wconf 88' lang='lat' dir='ltr'>per</span> <span class='ocrx_word' id='word_1_450' title='bbox 673 4018 769 4066; x_wconf 77' lang='lat' dir='ltr'>classes</span> <span class='ocrx_word' id='word_1_451' title='bbox 787 4026 814 4069; x_wconf 88' lang='lat' dir='ltr'>et</span> <span class='ocrx_word' id='word_1_452' title='bbox 854 4022 960 4084; x_wconf 86' lang='lat' dir='ltr'>‘perse</span> <span class='ocrx_word' id='word_1_453' title='bbox 977 4034 1095 4085; x_wconf 82' lang='lat' dir='ltr'>operosa,</span> <span class='ocrx_word' id='word_1_454' title='bbox 1113 4021 1287 4085; x_wconf 86' lang='lat' dir='ltr'>impediantur</span> <span class='ocrx_word' id='word_1_455' title='bbox 1297 4022 1385 4084; x_wconf 82' lang='lat' dir='ltr'>potius</span> 
     </span>
     <span class='ocr_line' id='line_1_47' title="bbox 283 4090 1386 4162; baseline 0.005 -21"><span class='ocrx_word' id='word_1_456' title='bbox 283 4090 414 4141; x_wconf 84' lang='lat' dir='ltr'>‘familias</span> <span class='ocrx_word' id='word_1_457' title='bbox 426 4090 574 4153; x_wconf 83' lang='lat' dir='ltr'>dispositos,</span> <span class='ocrx_word' id='word_1_458' title='bbox 585 4106 617 4140; x_wconf 84' lang='lat' dir='ltr'>ex</span> <span class='ocrx_word' id='word_1_459' title='bbox 630 4108 675 4141; x_wconf 88' lang='lat' dir='ltr'>sua</span> <span class='ocrx_word' id='word_1_460' title='bbox 686 4108 813 4159; x_wconf 78' lang='lat' dir='ltr'>quemque</span> <span class='ocrx_word' id='word_1_461' title='bbox 853 4098 948 4162; x_wconf 86' lang='lat' dir='ltr'>‘quarn</span> <span class='ocrx_word' id='word_1_462' title='bbox 970 4103 1103 4149; x_wconf 85' lang='lat' dir='ltr'>ornentur.</span> <span class='ocrx_word' id='word_1_463' title='bbox 1145 4097 1177 4145; x_wconf 90' lang='lat' dir='ltr'>In</span> <span class='ocrx_word' id='word_1_464' title='bbox 1202 4096 1265 4145; x_wconf 81' lang='lat' dir='ltr'>tales</span> <span class='ocrx_word' id='word_1_465' title='bbox 1290 4110 1386 4161; x_wconf 74' lang='lat' dir='ltr'>neupa</span> 
     </span>
     <span class='ocr_line' id='line_1_48' title="bbox 282 4164 1387 4237; baseline 0.005 -21"><span class='ocrx_word' id='word_1_466' title='bbox 282 4164 390 4235; x_wconf 78' lang='lat' dir='ltr'>‘ipdoie</span> <span class='ocrx_word' id='word_1_467' title='bbox 407 4166 554 4229; x_wconf 89' lang='lat' dir='ltr'>metiamur,</span> <span class='ocrx_word' id='word_1_468' title='bbox 572 4174 651 4231; x_wconf 84' lang='lat' dir='ltr'>atque</span> <span class='ocrx_word' id='word_1_469' title='bbox 669 4169 814 4219; x_wconf 87' lang='lat' dir='ltr'>calliditate</span> <span class='ocrx_word' id='word_1_470' title='bbox 853 4171 1002 4235; x_wconf 74' lang='lat' dir='ltr'>‘recognitio</span> <span class='ocrx_word' id='word_1_471' title='bbox 1014 4173 1141 4237; x_wconf 75' lang='lat' dir='ltr'>quadam,</span> <span class='ocrx_word' id='word_1_472' title='bbox 1150 4185 1202 4220; x_wconf 87' lang='lat' dir='ltr'>non</span> <span class='ocrx_word' id='word_1_473' title='bbox 1212 4171 1267 4235; x_wconf 72' lang='lat' dir='ltr'>neri</span> <span class='ocrx_word' id='word_1_474' title='bbox 1276 4173 1387 4236; x_wconf 52' lang='lat' dir='ltr'>nonrw</span> 
     </span>
     <span class='ocr_line' id='line_1_49' title="bbox 285 4239 1284 4313; baseline 0.006 -22"><span class='ocrx_word' id='word_1_475' title='bbox 285 4239 426 4309; x_wconf 66' lang='lat' dir='ltr'>‘quadam</span> <span class='ocrx_word' id='word_1_476' title='bbox 446 4257 496 4292; x_wconf 87' lang='lat' dir='ltr'>nce</span> <span class='ocrx_word' id='word_1_477' title='bbox 523 4242 569 4292; x_wconf 79' lang='lat' dir='ltr'>illa</span> <span class='ocrx_word' id='word_1_478' title='bbox 593 4250 680 4294; x_wconf 85' lang='lat' dir='ltr'>tamen</span> <span class='ocrx_word' id='word_1_479' title='bbox 707 4243 813 4311; x_wconf 90' lang='lat' dir='ltr'>cupida,</span> <span class='ocrx_word' id='word_1_480' title='bbox 853 4248 975 4299; x_wconf 79' lang='lat' dir='ltr'>‘recessio</span> <span class='ocrx_word' id='word_1_481' title='bbox 986 4245 1169 4297; x_wconf 77' lang='lat' dir='ltr'>cuderevideri</span> <span class='ocrx_word' id='word_1_482' title='bbox 1180 4246 1284 4313; x_wconf 65' lang='lat' dir='ltr'>potat?</span> 
     </span>
    </p>
   </div>
   <div class='ocr_carea' id='block_1_6' title="bbox 0 0 1601 4917">
    <p class='ocr_par' dir='ltr' id='par_1_6' title="bbox 0 0 1601 4917">
     <span class='ocr_line' id='line_1_50' title="bbox 0 0 1601 4917; baseline 0 0"><span class='ocrx_word' id='word_1_483' title='bbox 0 0 1601 4917; x_wconf 95' lang='lat' dir='ltr'> </span> 
     </span>
    </p>
   </div>
  </div>
 </body>
</html>
