3184 4917
493 416 497 435 .
527 381 665 447 nnnsu,
688 386 733 435 nr
755 386 980 441 turrensis.
1251 376 1317 443 lou

212 536 422 619 negligentis,
431 552 532 619 quum
544 556 598 601 ers
611 558 687 603 esse
696 540 859 605 ridentum.
890 542 1087 628 Plerumque
1094 546 1183 611 enim
1193 548 1314 621 idonea

212 638 403 713 ammiane,
413 657 436 701 a
448 644 594 721 tempore
605 640 731 723 aliquo,
746 642 799 707 vel
814 643 901 721 loeo,
914 645 969 709 vel
988 648 1219 726 personis,.vel
1233 671 1314 718 cura

211 743 244 803 et
265 739 473 821 cogitatione,
491 740 526 801 in
552 760 619 823 qua
632 748 793 820 vermtur,
811 744 1038 827 suppeditata,
1059 752 1093 810 et
1113 747 1313 818 dissimilem

212 839 338 903 ridendi
359 842 617 925 ,corrigendique
644 844 825 921 voluntate,
861 844 1009 927 obliquis
1040 849 1246 915 orationihus
1278 860 1313 919 et

210 942 300 1007 velut
314 942 411 1024 longe
423 942 513 1007 eliud
527 962 638 1025 egens,
654 960 776 1010 errores
790 964 831 1010 ec
842 948 924 1013 vitiu
946 950 1065 1031 carpit,
1079 970 1133 1012 res
1154 954 1265 1017 varies
1278 962 1313 1020 et

210 1048 328 1126 menie
342 1044 610 1109 subministretur
631 1048 850 1128 persequitur,
862 1048 1004 1119 missilia
1025 1050 1195 1132 inopinato
1216 1072 1312 1136 sper·

210 1145 268 1227 git,
284 1144 520 1227 imprudentes
543 1146 687 1213 adoritur
708 1166 754 1213 ex
775 1147 919 1225 insidiis,
942 1149 1071 1217 subitos
1091 1150 1313 1238 obliquosque

211 1248 268 1311 det
291 1248 390 1324 ietuS,
406 1266 539 1311 emoeua
559 1247 635 1311 loce
659 1248 860 1329 negligenter
881 1267 922 1313 eo
945 1250 1050 1314 libero
1073 1270 1171 1317 cursu
1193 1273 1313 1336 perne,

210 1354 321 1431 gutur,
334 1366 427 1432 eaepe
442 1348 483 1412 de
496 1348 554 1414 vie
567 1348 723 1427 declinet,
736 1370 839 1433 quem
859 1352 961 1417 modo
974 1352 1102 1428 inierat
1122 1358 1156 1417 et
1176 1356 1231 1419 vel
1244 1374 1313 1421 cer·

211 1455 282 1515 turn
304 1448 404 1513 mern
418 1450 659 1533 consiliumque
673 1450 762 1517 houd
776 1453 871 1533 sequi
883 1452 1022 1530 videtur,
1037 1454 1091 1517 vel
1111 1453 1156 1517 ed
1178 1462 1310 1535 melum,

208 1552 241 1617 ei
255 1570 322 1635 qua
343 1554 374 1616 ei
394 1556 458 1629 est,
482 1553 589 1633 longis
614 1552 811 1635 ambagibus
829 1552 1040 1637 flexibusque
1062 1555 1204 1620 diversis
1224 1559 1312 1623 lente

209 1654 389 1731 contendit,
403 1654 452 1717 ile
475 1660 512 1717 ut
532 1651 685 1736 plurimae
707 1652 783 1737 ejus
806 1654 917 1719 setirre
936 1656 1111 1737 imaginem
1133 1658 1314 1725 exhibeant

209 1756 457 1831 munderis,
471 1756 506 1819 in
520 1772 588 1837 que
601 1755 761 1839 quelibet
781 1755 857 1821 locu
870 1754 971 1822 devie
991 1761 1029 1829 αἱς
1043 1757 1070 1817 ir
1082 1752 1194 1845 regite
1206 1759 1312 1825 oeulis

207 1858 453 1941 peremitur,
469 1860 502 1920 et
513 1856 620 1921 omnis
635 1857 691 1919 vie
703 1862 760 1921 eet
776 1862 878 1922 reete.
924 1856 1058 1921 Persius
1081 1863 1115 1921 et
1138 1856 1312 1927 Juveoelirr

207 1976 444 2040 nonnunquam
455 1954 589 2038 quidem
603 1955 783 2021 Horatium
797 1956 897 2023 etiem
909 1957 974 2023 lree
986 1958 1022 2023 in
1040 1978 1076 2023 re
1089 1959 1209 2023 imitati
1223 1966 1310 2039 eunt,

207 2059 270 2124 sed
281 2060 475 2145 plerumque
487 2076 579 2123 more
592 2057 864 2141 philosophorum
877 2059 1106 2144 rhetorumque
1119 2080 1219 2126 unum
1239 2069 1312 2133 ten·

210 2167 282 2225 trun
295 2160 403 2225 thesin
415 2160 597 2243 explicent,
617 2165 652 2223 et
671 2165 763 2225 recto
777 2160 892 2225 itinere
914 2160 1057 2242 dirigunt
1078 2180 1224 2238 cursum,
1243 2182 1311 2246 que

206 2262 421 2340 eontendmrt,
434 2281 510 2327 runo
532 2280 553 2325 a
573 2260 630 2341 vie
649 2260 852 2327 uberruuteer
873 2262 1071 2343 negligentia
1090 2264 1178 2327 enim
1200 2262 1312 2331 Hore-

209 2366 313 2443 tirnu,
324 2384 402 2450 quer
424 2366 458 2429 in
474 2365 595 2449 jocoso
610 2362 742 2429 dicendi
756 2382 872 2446 genere
885 2362 1024 2428 miritiee
1038 2382 1100 2429 nos
1121 2364 1312 2443 delectata

210 2469 364 2552 graviore
383 2485 425 2531 eo
439 2466 574 2531 sublimi
586 2464 736 2531 oratione
750 2464 864 2529 aliene
874 2469 936 2531 eet.
981 2463 1077 2532 Illius
1098 2465 1211 2531 setirre
1233 2472 1312 2533 sunt

209 2569 353 2655 poeticae
377 2568 652 2652 pertrectetiouee
674 2566 912 2651 propositionis
935 2565 1311 2651 philosophice-liujus

209 2688 291 2735 vero
314 2670 469 2735 thematis
494 2668 667 2750 rhetorioi3
688 2669 800 2734 doetm
821 2667 957 2751 quidem
977 2672 1012 2730 et
1032 2666 1193 2731 interdum
1220 2666 1311 2748 inge·

203 2772 329 2849 'niem
342 2788 418 2853 quae
434 2774 543 2835 temen
556 2770 663 2851 magis
685 2788 722 2834 se
743 2767 975 2833 commendent
995 2772 1077 2843 erte,
1091 2786 1160 2849 que
1182 2766 1312 2847 singule

207 2876 461 2958 pertractentur,
476 2890 579 2953 quem
588 2869 724 2954 petrice
737 2870 1018 2951 inventioneque
1039 2886 1175 2950 prorsus
1197 2873 1313 2932 oerent

210 2972 293 3051 illee,
314 2971 488 3055 inquibus
508 2970 602 3033 veria
625 2976 749 3034 tarrtum
773 2969 872 3033 unius
891 2968 1059 3031 hominurn
1080 2968 1208 3050 generis
1222 2968 1312 3036 ,vitiu

209 3077 428 3150 repensentur,
442 3090 476 3135 v.
487 3090 518 3136 e.
532 3070 703 3135 mulierum
718 3071 753 3134 in
766 3075 865 3134 sexte
877 3070 981 3133 satire
993 3068 1181 3136 luvenalis.

253 3172 296 3238 In
315 3175 551 3239 sententiarum
578 3192 672 3237 nexu
698 3190 870 3255 rerumque
895 3170 1009 3235 ordine
1035 3177 1069 3235 et
1093 3171 1311 3239 collocutione

212 3274 375 3341 Horatius
401 3294 469 3344 non
502 3274 604 3339 modo
631 3274 874 3357 negligentiam,
909 3292 1050 3356 eumque
1076 3274 1310 3355 gretiseimnm,

204 3376 366 3453 ostendit,
386 3376 446 3439 effi
470 3394 632 3439 summam
651 3394 786 3458 quoque
812 3380 927 3451 ertem,
943 3392 1044 3457 quum
1060 3380 1170 3438 umen
1194 3374 1311 3440 sedule

204 3476 399 3543 dissimilet.
456 3476 542 3543 Tam
564 3476 705 3541 netureli
729 3475 832 3539 enim.
851 3479 1009 3557 arctoque
1036 3473 1172 3559 vinonio
1200 3475 1313 3541 omniu

211 3578 400 3655 constricta,
411 3583 480 3641 tum
494 3576 629 3641 mirifice
640 3576 708 3639 alia
721 3594 764 3637 ex
777 3575 853 3637 aliie
868 3581 949 3655 epte
961 3580 995 3637 et
1015 3593 1105 3657 nexa
1117 3578 1203 3649 sunt,
1220 3578 1313 3637 tenta

209 3678 371 3743 facilitate
379 3679 485 3743 oratio
500 3678 598 3741 currit
611 3696 652 3740 eo
667 3676 749 3753 fluit,
765 3681 833 3739 tem
844 3676 927 3738 scite
940 3678 1089 3737 extreme
1099 3692 1175 3736 oum
1195 3673 1312 3755 primis

210 3786 244 3845 et
267 3784 469 3864 partescum
489 3782 557 3843 toto
577 3776 752 3851 nohoerent,
766 3782 803 3840 ut
824 3776 894 3838 sine
914 3774 1035 3856 insigni
1059 3774 1161 3837 tutius
1186 3762 1312 3856 ordinis

203 3866 451 3965 {perturbatione
466 3882 526 3947 vix
539 3880 720 3963 quicquam
734 3876 788 3955 vel
802 3877 971 3958 transponi
989 3874 1098 3957 possit
1119 3872 1173 3939 vel
1192 3872 1312 3955 omitti,

209 3982 444 4066 utqeedubins
465 3980 879 4063 sis‚utrumsingulaoesu
902 3996 943 4042 ao
965 3982 1084 4060 sponte
1106 3977 1173 4040 sint
1185 3975 1311 4053 obluta,

210 4084 265 4148 vel
286 4090 364 4150 natu
384 4089 528 4168 repente,
543 4090 576 4148 et
590 4083 660 4147 sine
675 4081 786 4171 studio
803 4100 843 4145 ac
864 4098 944 4144 cure
966 4079 1052 4142 ceris
1075 4078 1245 4156 mandata,
1267 4096 1311 4141 en

212 4184 385 4270 diligenter
394 4192 470 4253 ante
484 4173 628 4253 excrrsse
637 4190 672 4249 et
688 4184 840 4268 (querula.
854 4183 914 4277 uel
922 4180 1161 4268 praemeditato.
1194 4178 1313 4258 Persii
