3184 4917
303 382 348 450 Q
819 397 907 445 vm

305 552 416 616 dinem
431 551 507 617 vitoe
528 555 561 615 et
582 549 780 633 scriptorum
802 548 991 627 turmalis,
1015 566 1077 613 nec
1095 553 1239 614 mentem
1260 548 1407 615 Suetonii

307 654 485 719 attendisse
499 651 662 729 videntur,
678 652 785 735 quiin
801 651 887 715 hunc
905 651 1052 735 lapidem
1079 652 1293 735 impegerunt.
1339 650 1409 716 Hic

305 752 450 818 disertim
465 754 575 831 trudit,
588 753 837 835 octogenarium
850 758 920 817 tum
941 751 1046 817 fuisse
1068 751 1212 837 podiam,
1226 772 1303 817 cum
1318 751 1408 817 Urbe

306 861 489 920 summotus
503 860 564 919 est.
610 852 901 937 Quadrugenarius
914 860 997 933 erat,
1011 854 1183 920 autetiam
1197 860 1277 918 natu
1290 854 1407 931 minor,

305 966 391 1024 certe
405 959 524 1023 mediae
540 958 659 1035 aeteus,
676 977 750 1021 cum
767 960 909 1041 primam
930 959 1024 1024 illam
1046 958 1190 1021 Satiram
1211 959 1409 1040 composuit,

306 1082 372 1145 qua
386 1060 542 1125 Paridem
556 1060 655 1123 laesit.
700 1058 827 1123 Demus
854 1061 945 1123 circa
965 1058 1060 1123 initia
1080 1060 1210 1142 imperii
1225 1058 1409 1123 Domitiani

305 1164 463 1246 scriptam
473 1182 559 1239 esse,
569 1168 602 1225 et
613 1160 834 1244 quadraginta
842 1159 1191 1225 annommtumfnisse
1200 1159 1408 1238 Juvenalcm,

305 1267 335 1329 si
349 1266 384 1329 id
405 1263 494 1348 quod
516 1264 566 1327 illi
581 1261 745 1345 superfuit
770 1265 836 1329 aori
859 1284 964 1347 usque
987 1263 1031 1328 ud
1052 1262 1296 1345 octogenarium
1318 1282 1410 1327 corn·

304 1376 410 1452 putas,
424 1370 458 1431 in
472 1374 602 1432 sextum
625 1366 789 1432 Hadriani
812 1386 933 1431 annum
954 1367 1131 1431 devenies:
1153 1386 1220 1430 non
1234 1367 1333 1450 igitur
1345 1368 1408 1431 snb

306 1470 509 1548 Domitiano,
533 1470 591 1533 sed
616 1470 679 1534 sub
706 1468 881 1535 Hadriam
900 1470 1089 1535 inexilium
1108 1476 1201 1534 actus
1222 1474 1284 1534 est.
1330 1468 1410 1534 Hoc

305 1573 392 1641 enim
406 1573 598 1636 necessario
613 1573 831 1654 concluditur,
845 1572 1113 1656 qnandoquidem
1136 1572 1364 1654 octogenarius
1378 1576 1412 1633 et

304 1675 424 1739 mediae
441 1675 550 1739 aetatis
577 1673 770 1740 Domitiano
792 1677 973 1761 imperante
996 1674 1095 1738 simul
1112 1690 1188 1737 esse
1210 1691 1277 1737 non
1291 1674 1408 1755 potuit.

306 1774 405 1841 Gerte
419 1777 655 1859 octogesimum
683 1779 793 1841 aetatis
816 1796 936 1840 annum
961 1775 1142 1840 Domitiani
1163 1773 1412 1856 oev0*attigisso

306 1886 436 1942 nonest
450 1877 637 1953 verisimile,
652 1896 726 1940 curn
740 1896 852 1941 verum
873 1878 917 1941 sit
930 1874 1144 1959 penultimam
1157 1873 1300 1939 Satiram
1313 1876 1410 1942 abeo

304 1979 463 2062 scriptam
478 1978 581 2041 fnisse
600 1984 679 2060 post
690 1977 784 2043 Junii
805 1978 940 2043 Rustici
955 1978 1176 2054 consulatum,
1196 1976 1231 2040 id
1255 1982 1318 2055 est,
1335 1985 1412 2062 post

303 2082 433 2144 tertium
448 2078 616 2143 Hadriani
644 2098 772 2144 aunum.
818 2079 930 2159 Quare
944 2081 974 2144 si
988 2080 1219 2161 octogenarius
1234 2079 1326 2145 Urbe
1338 2082 1412 2163 pnl-

306 2202 363 2247 sus
385 2188 447 2259 est,
472 2200 533 2246 nec
548 2200 569 2245 a
584 2180 777 2247 Domitiano
792 2183 936 2267 pulsum,
960 2200 1022 2246 nec
1047 2182 1080 2246 in
1101 2183 1241 2265 gratiam
1261 2180 1409 2260 Paridis,

306 2290 493 2347 constanter
507 2300 698 2347 asseverare
712 2302 903 2367 possumus.
948 2281 1116 2348 Praeterea
1141 2284 1325 2349 clarissime
1344 2289 1410 2348 tes-

307 2390 394 2449 tatur
422 2382 608 2459 Suetonius,
633 2382 726 2447 Urbe
746 2387 902 2449 exactum
925 2404 1000 2449 eum
1022 2391 1158 2476 proptor
1177 2383 1254 2451 illos
1277 2386 1411 2470 quidem

306 2504 431 2562 versus,
444 2502 528 2568 qnos
544 2484 698 2567 superius
714 2486 894 2565 attulimus,
909 2488 969 2551 sed
983 2507 1059 2551 cnm
1068 2488 1142 2571 jam
1155 2507 1215 2553 eos
1230 2489 1411 2555 infulsisset

306 2588 403 2650 noris
417 2587 561 2670 scriptis,
577 2604 619 2649 cx
635 2588 743 2669 prima
762 2606 881 2671 nempe
903 2588 1025 2667 Satira,
1040 2609 1108 2674 qua
1126 2588 1281 2655 Paridem
1299 2593 1411 2675 tetigc

304 2686 580 2765 rat,'translatos.
625 2685 673 2751 At
697 2688 807 2753 Satira
832 2688 891 2753 illa
908 2693 1137 2773 septimani
1158 2692 1265 2757 inserti
1290 2701 1411 2759 suntet

305 2791 430 2867 inserti,
446 2808 588 2873 qumque
601 2788 701 2853 hodie
714 2791 845 2872 legitur,
856 2792 945 2855 sicut
955 2793 998 2856 ab
1009 2812 1051 2857 eo
1059 2797 1198 2859 recitata
1211 2800 1411 2878 postremum

306 2899 358 2956 est
372 2899 470 2975 atquc
484 2892 629 2973 vulgatu,
651 2892 846 2959 Domitiano
864 2895 936 2978 jam
960 2896 1091 2979 pridem
1114 2897 1261 2961 extincto
1274 2895 1409 2979 prodiit.

308 2991 440 3075 Nempe
453 3000 486 3056 et
501 2998 618 3075 quarta
643 2994 793 3059 similiter
815 3014 858 3059 eo
880 3004 1009 3062 mortno
1033 2998 1210 3075 emanavit,
1232 3003 1336 3061 ulex
1357 2997 1410 3061 lris

306 3098 454 3157 constat:
478 3093 564 3169 (Sat.
579 3110 629 3156 ιν.
645 3094 699 3158 37.
711 3094 780 3172 38.)

437 3254 516 3321 Cum
519 3256 592 3342 jum
606 3258 816 3323 semianimum
830 3258 981 3327 laceraret
997 3260 1127 3328 Flavius
1141 3262 1244 3328 orbem

442 3354 585 3437 Ultimus,
596 3371 624 3423 et
639 3358 726 3424 culco
739 3362 866 3427 serviret
879 3362 983 3429 Romo
1000 3362 1130 3435 Neroni.

309 3512 395 3577 Rom
407 3512 454 3575 ibi
470 3517 589 3590 narrat,
611 3532 686 3595 quae
706 3516 804 3599 longe
824 3524 913 3594 unte,
925 3522 963 3583 ut
975 3524 1128 3604 apparet,
1143 3520 1321 3600 acciderat,
1337 3522 1409 3588 Du·

305 3614 444 3678 miliano
459 3614 612 3677 nimirum
627 3616 820 3700 imperante.
864 3618 1013 3685 Eandem
1027 3620 1171 3686 Satiram
1185 3624 1233 3688 itu
1246 3624 1386 3689 clausit:

436 3759 498 3923 {ed
508 3760 616 3843 periit,
626 3776 788 3853 postquam
800 3766 979 3834 cerdonibus
991 3791 1050 3836 aare
1064 3770 1215 3838 timendus

461 3860 581 3947 'ruperat
593 3890 603 3925 :

302 4012 397 4113 ‘quod
413 4012 454 4075 do
471 4012 661 4080 Domitiano
675 4018 871 4085 dictumest.
918 4022 1034 4088 Exilis
1049 4026 1203 4090 omnibus
1218 4027 1329 4110 colligi
1340 4048 1407 4093 non

307 4112 458 4190 absurde,
483 4113 584 4178 immo
610 4119 781 4182 verissime
806 4126 926 4205 potest,
952 4144 1076 4207 corpus
1095 4124 1286 4205 Satirarum,
1309 4130 1409 4211 quale

308 4210 406 4276 hodio
431 4218 534 4292 extat,
550 4218 613 4281 sub
635 4217 807 4284 Hadriano
829 4220 988 4306 frequenti
1012 4224 1175 4291 auditorio
1195 4227 1368 4294 recitatum
1388 4252 1411 4295 a
