3184 4917
685 422 892 480 nnnrumo.
1315 404 1340 473 7

232 596 314 648 nere
337 580 418 645 mibi
442 580 554 657 licent,
577 578 626 645 its
649 582 771 656 temen,
797 583 836 643 ut
856 580 1046 645 resecentur
1067 573 1237 653 nonnulle,
1262 592 1339 658 qum

232 685 304 749 linc
317 700 384 749 non
397 686 558 765 spectent,
580 686 615 745 et
627 680 825 766 adjicientur
839 680 920 743 alin.

283 782 398 854 Prima
411 784 525 867 utique
539 789 573 849 et
593 790 752 868 perpetuu
773 802 855 847 cura
877 781 942 847 tuit
960 782 1045 858 bum,
1068 786 1116 856 ut,
1140 778 1342 863 quicumque

235 907 317 953 mee
342 887 486 953 editione
511 892 666 963 uteretsu,
694 886 793 951 sliam
818 904 885 949 non
909 901 1108 965 magnopere
1132 879 1342 959 desideraret,

238 988 301 1053 sed
314 990 350 1051 in
372 1008 413 1053 ee
434 990 602 1073 reperiret,
624 986 787 1073 quicquid
807 988 886 1051 boni
909 992 942 1051 et
965 984 1118 1070 prmclari
1141 982 1185 1047 nd
1206 981 1343 1066 poetam

235 1088 477 1157 emendandum
528 1089 827 1172 illustrandumque
877 1089 1069 1171 interpretes
1119 1083 1342 1156 contraissent

238 1192 380 1275 Semper
391 1195 477 1257 enim
492 1194 572 1257 mihi
588 1192 758 1277 displicuit
779 1210 853 1255 mos
865 1197 900 1255 et
913 1186 1116 1261 consuendo
1139 1205 1262 1263 eorum,
1284 1184 1344 1269 qui

239 1293 352 1357 ubivis
368 1294 519 1371 lectores,
539 1294 638 1361 etiem
662 1294 815 1357 obscuris
828 1293 865 1356 in
885 1290 972 1361 locis
993 1310 1035 1360 oc
1058 1291 1168 1365 rebus,
1189 1286 1233 1354 ad
1255 1285 1344 1356 alins

238 1394 407 1465 remittunt
431 1394 606 1471 editiones,
631 1393 782 1477 adeoque
805 1394 893 1458 bunc
917 1392 961 1458 iis
985 1392 1215 1467 necessitatem
1237 1390 1344 1477 impo-

239 1500 331 1573 nunt,
346 1502 395 1573 ut,
410 1500 494 1579 quot
508 1497 573 1559 sint
594 1497 692 1559 unius
715 1495 891 1579 scriptoris
905 1494 1066 1567 editiones
1088 1512 1110 1557 u
1131 1493 1211 1555 viris
1235 1489 1344 1560 doctis

237 1602 377 1674 cnrntae,
404 1602 453 1661 tot
476 1597 676 1659 habeantet
701 1596 866 1672 coemant,
889 1598 931 1672 si,
958 1614 1178 1679 quaecumque
1202 1594 1247 1658 nd
1269 1592 1344 1676 ejus

238 1708 311 1771 sive
336 1707 508 1771 lectionem
535 1708 606 1770 sive
639 1706 940 1787 interpretationem
963 1703 1186 1786 adjuvandum
1209 1705 1254 1770 ub
1274 1704 1345 1773 edi·

238 1810 365 1874 toribus
394 1809 516 1873 collate
544 1808 620 1884 sint,
647 1824 846 1889 cognoscere
875 1805 1025 1888 cupiant.
1070 1803 1171 1883 Quod
1199 1804 1346 1887 profecto

239 1914 428 1977 conminus
442 1912 542 1975 hebet
559 1910 770 1986 incommodi,
795 1909 959 1993 quamsi,
983 1908 1194 1990 superiorum
1218 1913 1345 1990 tempo·

238 2013 313 2077 r'um
333 2016 428 2090 vitio,
451 2012 630 2077 Variorum
644 2016 752 2088 notas,
770 2013 824 2076 vel
837 2016 1017 2095 excerptus
1030 2010 1084 2073 uel
1095 2012 1254 2091 integras,
1277 2007 1345 2074 tuis

239 2114 417 2200 adjunges,
440 2135 513 2205 qno¹
533 2114 580 2193 fit,
606 2120 643 2179 ut
668 2120 790 2197 praeter
814 2118 915 2190 rectu,
940 2114 1028 2175 bone
1053 2116 1087 2175 et
1111 2110 1218 2186 utilia,
1245 2109 1346 2176 etium
1447 2124 1452 2133 ·

240 2218 414 2301 permulta,
428 2217 499 2279 sive
513 2214 603 2279 salse
617 2222 650 2281 et
671 2235 693 2279 c
717 2215 954 2298 posterioribus
975 2214 1120 2295 interpp.
1142 2212 1215 2295 jam
1229 2207 1346 2277 coniu-

235 2322 322 2397 tete,
337 2321 408 2383 sive
429 2320 579 2402 vulgaria
591 2324 626 2383 et
639 2317 759 2394 aliene,
778 2335 840 2380 nec
854 2314 958 2380 semel
972 2318 1112 2391 tuntum,
1136 2314 1197 2377 sed
1220 2310 1346 2400 saepius

234 2418 379 2503 legenda
409 2420 484 2497 sint,
514 2426 548 2483 et
576 2420 648 2503 ipse
676 2424 793 2483 auctor
818 2418 854 2480 in
878 2423 1036 2481 notarum
1061 2417 1161 2491 mole,
1190 2420 1349 2496 tunquam

239 2521 364 2603 cymba
383 2522 417 2584 in
431 2520 581 2598 Oceano,
596 2526 707 2584 nature
720 2518 884 2585 videntur.
929 2518 1001 2602 Ego
1021 2520 1164 2583 medinm
1182 2518 1349 2597 ingressus
1384 2524 1388 2532 '

240 2622 345 2700 mam,
357 2642 434 2706 quse
449 2625 538 2687 bone
553 2623 610 2687 ulii
622 2624 754 2698 hebent,
772 2640 849 2685 cum
862 2620 992 2687 delectu
1006 2619 1237 2703 excerpende,¹
1254 2622 1300 2693 et,
1310 2617 1350 2680 nt

743 2810 850 2862 NOTAE

276 2930 290 2975 1
308 2925 403 2989 Heyne
414 2924 441 2973 in
453 2923 534 2975 Prael.
546 2924 580 2975 ad
591 2921 685 2989 virgil.
695 2926 725 2975 Τ.
734 2938 778 2974 ιιι.
820 2926 894 2975 ‘tem
915 2924 1045 2988 erigam,
1067 2923 1164 2987 spretis
1185 2935 1216 2970 uc
1235 2917 1351 2983 rejectis,

243 3000 423 3060 ‘Utilissima,’
435 2998 529 3064 inquit,
538 3000 620 3071 ‘baud
631 3000 709 3050 dubie
718 3014 779 3063 ope·
818 3004 827 3030 ‘
839 3002 972 3051 utilissime
982 3000 1117 3064 etoptims
1131 3013 1241 3065 quaeqne
1256 2997 1283 3046 in
1300 3010 1351 3046 nno

241 3079 292 3126 ‘rs
303 3077 390 3127 sciris
410 3076 493 3125 doctis
511 3083 624 3139 ponetur
636 3076 661 3124 in
673 3076 731 3139 boc,
748 3082 779 3125 ut
818 3079 827 3106 ‘
838 3078 903 3128 libro
913 3078 1099 3141 comprehensu
1112 3076 1260 3125 habeamus.
1292 3072 1353 3123 Nut

239 3154 375 3219 ‘plurium
398 3152 541 3202 editionum
564 3154 640 3215 bona,
663 3166 722 3203 enm
742 3152 780 3201 di·
818 3155 906 3205 ‘eninr
928 3154 1060 3204 literanum
1083 3154 1246 3217 sntiqusrum
1264 3148 1352 3200 studio

242 3233 252 3261 4
264 3233 334 3281 lectu
353 3237 438 3279 tumen
457 3229 578 3293 prudenti
601 3238 629 3279 et
650 3229 778 3293 diligenti,
819 3231 889 3282 ‘lise
900 3239 946 3283 snt
957 3232 1032 3283 simili
1044 3232 1096 3280 ulis
1107 3231 1207 3279 ratione
1218 3240 1353 3279 succurre·

241 3307 252 3335 4
264 3306 290 3355 ἰιι
302 3320 377 3355 unam
388 3302 535 3367 conferant,
551 3318 633 3369 eaque
650 3304 718 3353 lions
735 3319 778 3353 no·
818 3309 827 3335 ⁴
841 3315 892 3372 tur,
900 3324 951 3372 qun
962 3315 1113 3357 resecentur
1120 3306 1222 3356 inutilis
1231 3312 1258 3354 et
1269 3320 1285 3353 s
1295 3318 1353 3353 nos·

240 3380 250 3409 4
262 3382 299 3430 sis
310 3381 410 3444 opibus,
429 3395 492 3442 quus
511 3380 592 3429 nostri
604 3380 629 3429 in
641 3382 680 3429 bis
692 3380 778 3430 literis
818 3386 826 3412 ⁴
840 3386 875 3434 tri
887 3384 975 3435 smcnli
986 3385 1059 3434 crrltn
1070 3398 1100 3433 nc
1112 3382 1187 3447 genio
1198 3382 1292 3445 aliena,
1309 3378 1354 3428 sd·

237 3456 408 3521 *profectae
434 3462 531 3506 nostrie
553 3457 639 3506 estatis
666 3458 778 3507 rationes
818 3460 827 3489 4
835 3460 1062 3523 jicinntorsutem
1073 3474 1112 3522 eu,
1128 3457 1354 3524 qnsebnieliters·

241 3536 397 3601 ‘postulare
417 3533 489 3585 t'orte
512 3532 644 3597 videntur,
665 3535 779 3597 loeuple-
819 3540 897 3588 ‘rum
916 3538 979 3600 luci,
1000 3538 1060 3587 hnic
1079 3536 1194 3600 poetices
1213 3540 1242 3585 et
1259 3532 1354 3582 artium

242 3612 335 3671 ‘tent,
356 3610 450 3674 quibus
475 3610 568 3659 iterum
591 3610 634 3659 elii
655 3610 780 3674 singulus,
820 3610 1355 3677 ‘expolitioni,ncnminiphilosopbimme-

240 3689 326 3753 ‘qous
337 3686 458 3737 conferre
476 3702 503 3735 sc
521 3700 596 3750 posse
618 3694 720 3751 potent,
738 3702 781 3738 sc·
819 3691 909 3739 ‘lioris
920 3697 949 3739 et
958 3689 1074 3738 historin
1092 3687 1211 3737 subtilius
1222 3690 1354 3750 tructam,

242 3764 394 3813 ‘cessiones
412 3762 551 3825 adjiciunt:
573 3768 610 3825 ut,
626 3764 652 3811 in
669 3764 781 3813 nrolesm
821 3766 963 3817 ‘vsrietsti
974 3765 1094 3828 etcopiae
1104 3763 1355 3825 doctrina,consen·

236 3842 252 3870 ’4
265 3840 312 3890 bac
324 3840 485 3889 diversarum
496 3838 647 3902 editionum,
659 3854 717 3904 qnae
729 3840 780 3888 sin·
820 3845 918 3890 ‘tanen
939 3842 1009 3901 sint3
1035 3840 1086 3888 nisi
1107 3840 1254 3891 minumtur
1276 3852 1355 3904 porto

240 3920 332 3983 ‘quim
356 3918 516 3982 aliquantum
537 3916 611 3966 boum
633 3915 715 3980 frugis
739 3917 782 3965 hs·
821 3919 830 3947 ‘
842 3926 940 3967 sumtus
960 3918 987 3966 in
1008 3922 1048 3966 tot
1067 3916 1204 3979 editiones,
1221 3932 1285 3981 quus
1304 3917 1356 3969 nisi

238 3996 251 4065 ,4
264 3996 335 4060 beni,
356 3997 432 4059 copia
454 3996 622 4060 pervenietur
642 3994 781 4060 aliqnando
822 3995 930 4043 ‘omnes
946 3991 979 4042 sd
996 4004 1098 4042 menum
1115 3991 1246 4054 habueris,
1261 4004 1355 4056 supere

241 4073 306 4135 ‘ec‚
322 4078 353 4122 nt
369 4072 408 4134 iis,
427 4088 485 4136 ques
507 4077 567 4120 nntc
585 4072 630 4120 hos
654 4070 781 4121 ducentos
821 4072 894 4119 ‘nou
916 4070 988 4132 lieet,
1010 4070 1088 4135 inque
1113 4075 1213 4118 tuntum
1231 4068 1357 4121 libromm

240 4146 250 4177 4
263 4148 306 4197 vel
324 4154 449 4197 centenos
470 4161 548 4196 nunes
567 4162 640 4197 nsum
659 4146 728 4198 forte
740 4148 783 4197 bn·
803 4148 831 4179 ·‘
844 4147 1004 4197 nuxibnrinm
1015 4154 1168 4212 sppsrstnm
1178 4145 1306 4209 faciendi3
1316 4160 1357 4197 re-

233 4225 249 4255 4
263 4222 327 4273 bere
344 4229 469 4287 poterunt
485 4224 606 4291 aliquem,
617 4240 685 4276 nunc
696 4231 784 4276 antem
823 4226 969 4275 ‘vocentur
993 4239 1056 4274 vero
1082 4224 1196 4274 virorum
1220 4224 1357 4276 doctorum

234 4297 252 4331 ·‘
265 4306 312 4351 sut
330 4300 435 4353 omnino
450 4292 550 4354 iubent
560 4304 669 4371 nullum,
680 4307 726 4357 sut
737 4304 785 4356 ssi·
825 4301 935 4354 ‘studia
945 4300 1086 4353 sdeertnm
1094 4313 1125 4352 ee
1133 4300 1267 4354 definitum
1277 4300 1357 4353 men
