3184 4917
593 1058 1019 1183 excursus

653 1268 657 1279 Ι
685 1313 737 1367 ΑΙ)
755 1314 830 1365 ΒΑΤ.
846 1316 872 1365 1.
889 1321 944 1367 167.

298 1540 452 1607 Vsssus
468 1545 703 1627 perobscurus,
727 1546 827 1630 eujus
847 1551 881 1611 et
894 1545 994 1611 lectio
1007 1552 1042 1611 et
1053 1546 1275 1631 interpretatio
1288 1552 1359 1614 taur

250 1642 360 1711 dubia
373 1654 437 1723 est,
459 1652 561 1729 atque
585 1652 654 1712 tarn
679 1668 798 1733 parum
811 1649 985 1713 commode
998 1650 1158 1733 expedita
1169 1653 1213 1715 ab
1227 1652 1360 1717 editori-

255 1746 332 1825 bus,
353 1752 390 1811 ut
405 1746 560 1813 Pithoeus
584 1748 801 1833 profiteretur,
822 1750 950 1815 nulium
973 1752 1010 1814 in
1031 1750 1084 1814 his
1113 1750 1229 1816 Satiris
1247 1752 1361 1817 locum

250 1868 340 1927 esse,
362 1868 461 1933 quem
480 1870 528 1914 ex
547 1850 850 1918 Grammaticorum
873 1854 996 1938 glossis
1016 1854 1127 1917 miuus
1149 1856 1361 1935 grmnmatice

252 1948 464 2027 intellexerit.
494 1952 701 2019 varietatem
715 1956 869 2020 lectionis
880 1971 984 2039 supra
997 1954 1040 2019 ad
1054 1955 1087 2019 h.
1098 1956 1122 2020 l.
1138 1957 1362 2021 mutavimus:

253 2072 343 2119 nunc
358 2056 480 2139 paucis
498 2058 742 2121 recensebimus
756 2060 900 2123 virorum
915 2058 1091 2124 ducturum
1102 2058 1362 2142 explicationes.

258 2154 419 2221 Nonnulli
434 2156 467 2221 h.
482 2158 506 2223 l.
521 2158 570 2247 ita
583 2159 698 2241 legunt
711 2165 745 2223 et
759 2160 1029 2243 interpretantur:
1053 2156 1167 2222 lucedis
1179 2180 1207 2225 s.
1217 2160 1362 2239 ardebis,

252 2266 287 2320 ut
302 2255 401 2322 lutum
423 2256 525 2323 media
547 2258 663 2324 ealcum
684 2256 807 2325 deducit
830 2284 939 2341 ureuu,
961 2262 1083 2327 frustra
1103 2262 1248 2340 laboras,
1270 2268 1363 2327 nota·

252 2362 347 2429 tione
360 2366 473 2425 tuaac
490 2362 740 2446 reprehensione
764 2364 990 2428 nihilomnino
1006 2362 1158 2447 proticis3
1181 2365 1271 2447 quud
1285 2383 1363 2449 pru·

255 2462 364 2527 berbii
386 2463 463 2527 loct)
478 2462 603 2528 dictum
617 2465 827 2542 arbitrantur,
849 2469 889 2529 trt
910 2463 1022 2529 Graec.
1047 2461 1145 2546 ἄμμον
1165 2466 1287 2551 μετρεῖν,
1309 2464 1365 2530 vel

259 2563 333 2629 lat.
359 2562 447 2627 Itum
468 2584 570 2631 crure.
592 2564 662 2651 (Cf.
676 2567 734 2631 inf.
750 2584 817 2631 vlt.
832 2566 885 2633 48.
900 2564 972 2649 49.)
996 2566 1229 2631 Britannicus:
1251 2564 1365 2630 lucebit

256 2668 376 2733 mutua
398 2666 539 2731 molesta
562 2667 698 2732 indutus
712 2667 805 2746 tuda,
826 2669 912 2749 igne,
934 2688 997 2752 pau
1020 2674 1134 2730 utuntur
1159 2666 1283 2744 ardent,
1306 2672 1365 2731 aut

257 2770 341 2854 quia
361 2768 579 2850 alligabuntur
592 2768 698 2853 stipiti
713 2770 930 2853 circumjectu
942 2770 1029 2850 igne,
1053 2773 1113 2831 aut
1136 2770 1226 2851 quia,
1250 2773 1287 2831 ut
1305 2767 1366 2831 Se·

257 2888 345 2935 neca
369 2870 477 2954 Epist.
503 2886 582 2934 xrv.
605 2870 732 2947 scribit,
764 2890 824 2953 per
842 2869 989 2933 medium
1014 2868 1180 2930 homiuem
1208 2868 1367 2949 agebatur

258 2973 380 3057 stipes,
401 2978 438 3036 ut
450 2990 511 3055 per
525 2990 639 3035 omues
655 2976 745 3037 artus
763 2978 958 3054 emergerem
983 2977 1012 3032 et
1028 2965 1151 3032 deducit
1166 2967 1293 3048 ealcum,
1308 2976 1368 3037 aut

259 3075 343 3159 quia
356 3074 440 3139 sorte
453 3092 540 3137 unco
554 3072 778 3151 trahebantur,
802 3078 861 3137 aut
875 3072 965 3157 quud
980 3069 1138 3149 damnati,
1159 3077 1193 3135 et
1215 3069 1249 3133 iu
1264 3070 1367 3135 media

259 3194 358 3239 ureau
382 3174 625 3259 amphitheatri,
646 3174 709 3239 uhi·
729 3174 824 3239 multi
843 3175 1078 3238 cremabantur
1099 3172 1181 3250 vivi,
1209 3177 1260 3250 (ut
1274 3171 1368 3238 Atel·

257 3278 350 3343 dauae
376 3277 478 3361 poeta
499 3282 583 3341 teste
609 3274 700 3341 Suet.
715 3274 787 3341 Oai.
803 3274 876 3360 27.)
888 3276 1014 3360 alligati
1029 3274 1135 3359 stipiti
1149 3274 1292 3358 pedihus
1306 3270 1369 3338 rul-

263 3402 331 3445 cum
360 3380 528 3445 iaciebant
552 3380 676 3443 circum
703 3398 740 3443 se
760 3379 942 3456 volventes,
971 3385 1094 3443 terrore
1120 3378 1208 3461 iguis
1230 3376 1369 3442 admoti.

265 3482 408 3548 Videtur
430 3483 545 3565 ibique
572 3480 605 3542 ri
629 3477 763 3559 deducit,
786 3479 969 3544 sumundum
986 3476 1134 3543 Atticam
1157 3496 1370 3542 numerorum

260 3584 448 3666 enallagen,
470 3602 534 3667 pru
554 3578 709 3646 deducunt
733 3581 882 3664 positum
906 3579 1089 3663 accepisse,
1111 3587 1149 3643 ut
1168 3578 1370 3660 Graugaeus,

261 3686 414 3769 quieuit.
429 3683 522 3766 Virg.
540 3678 859 3748 (tarditates.
877 3686 982 3764 putat,
1004 3680 1173 3744 maleticos
1194 3680 1370 3762 designari,

260 3788 326 3870 qui
338 3802 425 3850 amco
437 3784 536 3849 tracti
557 3784 679 3847 tuerint
701 3802 761 3866 pur
783 3801 923 3859 uranum,
944 3787 979 3846 et
991 3781 1107 3844 micum
1122 3782 1286 3867 quendam
1309 3784 1372 3847 lm·

264 3886 463 3971 pascuum
486 3906 552 3970 qua
566 3905 648 3950 usus
658 3886 703 3949 sit
711 3885 906 3968 metaphora
921 3883 1159 3968 Lycophrouin
1168 3882 1371 3962 Cassandra,

266 3988 310 4053 du
326 3988 472 4056 Hectore
482 3994 592 4053 tractu
602 3990 650 4055 ab
665 3986 809 4065 Achille,
831 3989 938 4073 Δωρὶς
955 3982 1059 4064 duim
1075 3991 1211 4071 γατομῶν
1231 3986 1262 4047 δι’
1279 3983 1372 4049 aiae·

267 4114 327 4166 κας.
371 4088 429 4155 Sic
444 4096 585 4155 etvetus
608 4090 719 4154 Schul.
750 4088 939 4153 ‘adductus
954 4104 1031 4152 cum
1044 4108 1104 4173 per
1120 4107 1253 4152 arenam
1265 4089 1373 4154 trahe·

269 4196 366 4271 retur,
390 4192 519 4257 sulcum
535 4210 674 4277 corpure
694 4210 755 4256 suu
769 4190 868 4272 secit3
890 4191 944 4255 rel
956 4190 1093 4268 fossam,
1113 4191 1231 4275 inqua
1245 4192 1373 4275 stipites

265 4294 407 4374 iubant,
428 4296 462 4361 lu
483 4294 606 4379 quihus
620 4293 798 4360 ardebant?
841 4292 936 4359 Idem
952 4294 1157 4360 tamenhauu
1173 4312 1305 4379 quoque
1326 4294 1374 4357 ir»
