3184 4917
656 430 879 483 ruvaarnrs.
1273 413 1318 481 37

221 588 321 671 quiem
331 582 436 649 etism
450 586 594 648 veterum
608 596 745 648 errores
791 580 944 647 Paridem
957 582 1049 649 illum
1062 579 1211 647 seniorem
1224 582 1318 649 intel·-

219 688 325 770 ligunt
334 686 422 750 vitm
432 682 608 750 iuvenalis
623 690 739 749 auetor
753 684 961 770 Anonymns,
974 690 1117 751 etvetus
1136 684 1204 762 ille,
1219 702 1318 767 quem

219 788 391 866 hebernus,
421 786 443 851 J
445 787 593 851 uvenaiis
621 786 795 869 interpres,
828 784 960 852 Claudii
992 789 1144 852 nimirum
1174 784 1319 851 Neronis

212 888 385 968 ¹libertum,
400 908 421 953 a
434 888 580 953 Patrono
594 888 684 972 ipso,
698 896 737 955 ut
751 888 821 954 Dio
833 889 894 955 lib.
911 906 946 955 r..
957 894 993 953 et
1006 888 1179 956 Suetonius
1193 888 1276 954 Ner.
1289 908 1320 954 e.

209 991 276 1055 Μ.
289 994 461 1067 testantur,
475 988 685 1055 interteemm.
729 990 876 1056 Proinde
896 990 941 1057 ad
962 989 1154 1056 Neroniana
1173 997 1322 1075 tempora
1458 1010 1463 1025 ¹

211 1091 398 1155 iile-reteri
419 1091 622 1157 Soholiastee
642 1091 702 1171 (ad
726 1093 802 1159 Sat.
819 1110 887 1157 vir.
900 1092 973 1177 92.)
993 1095 1029 1158 in
1045 1094 1167 1178 quibus
1187 1091 1321 1157 Paridis

221 1194 421 1257 mentionem
442 1192 522 1257 iecit
538 1192 724 1260 Iuvenalis.
767 1192 825 1260 Ita
841 1190 1023 1258 Domitiani
1036 1202 1186 1280 tempora
1198 1194 1320 1279 pertire

210 1312 297 1375 -gere
311 1292 484 1359 iuvenalis
498 1313 565 1360 non
585 1298 743 1378 potuerit,
769 1298 827 1382 qui
848 1298 950 1381 paulo
967 1308 1038 1379 post
1053 1292 1180 1359 esiliam
1192 1294 1320 1373 obierit,

222 1394 312 1477 quad
327 1402 448 1473 tamen,
470 1397 524 1461 vel
544 1415 588 1460 ex
609 1399 684 1481 ipso
700 1397 883 1463 Satirarum
896 1418 1006 1483 opere,
1030 1403 1160 1465 eonstat
1173 1416 1248 1462 esse
1259 1396 1322 1461 mr·

223 1496 402 1559 sissimum·
423 1495 530 1581 Atqui
535 1498 694 1583 juniorem
707 1500 802 1563 illum
814 1499 921 1564 fnisse
936 1497 1087 1562 Paridem
1097 1519 1119 1564 a
1130 1499 1321 1565 Domitiano

223 1616 362 1677 cresum,
378 1620 475 1684 quem
494 1602 683 1685 perstrinxit
701 1599 888 1679 iuvenalis,
905 1602 958 1666 vel
971 1602 1050 1665 inde
1071 1604 1214 1679 eoustat,
1229 1602 1320 1685 quod

224 1698 362 1766 Statium
371 1703 506 1787 pois'tarn
520 1704 620 1781 dieat,
632 1708 711 1787 post
725 1704 896 1768 recitatam
906 1722 983 1767 eum
997 1704 1096 1768 laude
1105 1702 1321 1783 Thebaidem,

222 1802 364 1886 Agaven
384 1824 481 1869 suam
504 1804 701 1887 tragoediam
715 1802 831 1869 Paridi
850 1804 901 1869 ilii
916 1804 1114 1870 vendidisse.
1159 1803 1228 1867 Hie
1242 1822 1323 1869 saue

223 1904 348 1969 Statius
363 1906 407 1969 ab
422 1924 475 1981 eo,
499 1922 599 1988 quern
613 1905 791 1984 memus,
815 1906 901 1971 alius
914 1924 991 1970 esse
1002 1924 1070 1969 non
1083 1906 1199 1989 potuit.
1243 1902 1325 1971 Fdi·

223 2004 318 2069 derat
330 2004 387 2067 ille
396 2003 599 2069 'lirebeidem
613 2022 708 2069 suern
722 2006 825 2088 penio
838 2012 934 2071 anoea
945 2026 1045 2090 quam
1058 2008 1201 2091 primum
1214 2007 1325 2071 ederet

223 2104 401 2189 sylvarum
422 2105 560 2170 librum:
587 2106 760 2189 probatam
779 2107 935 2171 nimirum
950 2114 1050 2171 antee
1063 2107 1322 2172 recitationibus.

224 2204 280 2269 Ita
293 2211 371 2288 post
384 2204 513 2277 initium
529 2205 724 2282 Domitiani,
738 2213 896 2271 ettamen
910 2214 985 2271 ante
1000 2206 1135 2272 Peridis
1149 2206 1277 2271 eaedem
1290 2212 1325 2271 et

223 2304 400 2388 repudium
440 2305 612 2384 Domitiae,
656 2303 798 2387 Agaven
824 2306 1006 2373 vendiderit
1033 2312 1164 2391 oportet
1190 2306 1325 2371 Statius.
1432 2313 1435 2324 '

224 2406 506 2488 Adeopiaeterea
530 2411 654 2471 eertum
678 2412 741 2485 est,
763 2417 834 2490 post
858 2406 967 2471 cedem
992 2404 1172 2472 Domitiani
1196 2408 1326 2473 Satires

223 2508 398 2591 scripsisse
426 2506 635 2587 Iuvenalem,
664 2512 701 2571 ut
728 2506 848 2571 mirum
874 2510 920 2574 sit
948 2508 1106 2593 proiecto,
1131 2510 1275 2575 monitos
1303 2527 1326 2574 a

225 2610 354 2693 lipsio,
377 2608 453 2693 (lib.
484 2625 535 2673 ιν.
561 2607 669 2693 Epist.
685 2606 817 2687 Quest.
832 2628 884 2693 ep.
899 2611 967 2690 20.)
988 2617 1023 2674 et
1046 2610 1210 2675 Salmasio
1229 2609 1273 2675 de
1285 2630 1326 2677 eo

225 2712 368 2796 amplius
393 2710 665 2794 dubitereposse
696 2709 784 2775 virus
811 2711 971 2776 eruditos.
1027 2709 1107 2774 Nou
1132 2718 1245 2795 repeto
1269 2713 1325 2777 hie

227 2816 426 2896 ormena,
437 2812 510 2897 jam
524 2812 643 2876 abillis
659 2812 738 2877 olim
751 2814 934 2878 observata.
970 2810 1105 2877 Novum
1120 2812 1220 2890 addo,
1235 2813 1327 2896 quod

225 2914 452 2997 illosfugerat,
465 2912 526 2978 sed
540 2932 619 2978 vero
633 2913 729 2996 longe
742 2915 969 2979 certissimum.
1005 2910 1148 2975 Marium
1162 2912 1219 2976 iiie
1234 2909 1327 2975 Pris-

227 3036 295 3080 cum
306 3016 388 3081 dicit
401 3014 483 3095 (Sat.
501 3031 525 3079 1.
538 3016 591 3079 4⁷.
602 3034 675 3099 sqq.
689 3021 722 3079 et
732 3032 814 3081 vrri.
824 3012 919 3099 120.)
929 3035 1025 3100 nuper
1034 3011 1132 3100 Afros
1141 3012 1326 3094 distinxisse,

226 3120 363 3205 proinde
377 3113 493 3180 exulem
507 3115 631 3181 sactum
646 3116 835 3183 demnatum
849 3118 1122 3202 repetundarum
1153 3119 1203 3182 sie
1217 3124 1328 3183 tamen

226 3225 265 3284 ut
280 3214 354 3282 Diis
366 3220 439 3303 ipse
452 3217 543 3281 iretis
555 3215 733 3301 frueretur,
750 3217 913 3303 provincia
929 3225 1038 3283 autern
1053 3216 1165 3281 virttis
1175 3214 1329 3300 ploraret.

228 3320 328 3385 Hane
342 3320 453 3403 ipsam
465 3317 621 3384 Aimrum
635 3338 771 3401 eausam
796 3339 909 3385 eoram
920 3319 1068 3403 'l'rajano
1093 3319 1225 3383 tertium
1239 3318 1327 3383 Gon·

225 3422 299 3487 sule
312 3420 442 3485 Plinius
456 3420 524 3503 egit
537 3438 646 3484 mense
659 3419 682 3484 J
684 3422 820 3485 anaario
833 3420 910 3484 anni
919 3437 952 3483 c.
963 3426 997 3484 et
1006 3418 1141 3503 quidem
1149 3438 1189 3483 eo
1198 3424 1327 3497 eventu,

216 3531 264 3590 ‚ut
273 3520 453 3606 raptafiree
462 3520 700 3599 addicerentur,
711 3540 788 3605 quse
798 3540 902 3586 eausa
910 3527 982 3586 erat
990 3519 1158 3604 provincio
1166 3517 1329 3601 plorandi,

226 3625 364 3709 reliquis
379 3624 452 3707 ipse
475 3622 509 3685 in
527 3618 619 3685 exitio
634 3618 813 3706 frueretur.
834 3620 888 3706 (v.
912 3619 998 3684 Plin.
1023 3620 1089 3702 Ep.
1103 3636 1145 3682 u.
1163 3618 1214 3682 11.
1229 3618 1282 3683 12.
1297 3629 1331 3690 et

227 3728 356 3807 Paneg.
369 3744 401 3789 a.
413 3720 487 3807 76.)
508 3724 593 3788 Sunt
614 3730 647 3789 et
664 3724 722 3789 ille
743 3723 915 3789 Iuvenalis
937 3722 978 3786 de
1004 3720 1194 3785 Domitiano
1208 3720 1329 3785 verber

227 3828 315 3911 (Set.
333 3844 383 3890 ιν.
397 3826 451 3891 37.
467 3822 538 3909 88.)
1316 3840 1327 3870 '·

273 3978 358 4044 Cum
368 3977 441 4061 jam
456 3976 682 4041 semianimem
694 3975 855 4039 laceraret
866 3971 1004 4037 Flavius
1017 3970 1130 4036 urbem

219 4156 223 4167 .
271 4078 475 4158 Ultimuset
489 4078 585 4143 calvo
601 4076 737 4141 serviret
750 4074 861 4140 Roma
874 4072 1013 4138 Neroni.

227 4228 320 4301 tiaee
349 4230 450 4295 verba
478 4227 521 4293 ad
550 4224 678 4291 erilium
705 4225 958 4311 paeteretur
982 4220 1328 4291 vetusSchoiiesteet
