3184 4917
651 414 861 465 rnnrsrso.
1261 404 1307 471 le

199 568 328 653 rorigeri
351 564 564 631 humanitatis
592 565 748 649 exemplo
772 571 823 630 tot
850 562 960 649 poiitoe
987 568 1226 653 exemplarium
1250 570 1307 636 vel

198 669 371 737 varietatis
385 687 507 745 corum,
537 668 579 731 ab
601 668 686 752 ipsis
710 672 891 751 excerptae,
914 666 1049 751 copiam
1073 670 1155 733 mihi
1177 670 1304 753 iecere;

198 774 258 857 qui
273 772 432 855 opipnrns
445 775 627 853 apparatus
648 789 691 834 nc
711 770 834 833 snrstrn
854 768 936 831 milri
950 770 1126 853 contigisse
1139 772 1306 839 videretur

199 872 382 937 cavendum
399 876 494 935 erni.¹
539 869 673 935 Novam
695 890 831 956 quoquc
845 870 1047 933 recensionem
1069 870 1228 937 edomare
1248 894 1305 939 co-

197 974 313 1050 nuber,
327 990 467 1055 eamque
481 971 621 1055 promisi
636 972 669 1035 in
684 972 778 1035 titulo
791 972 878 1036 libri.
924 970 1014 1035 Haec
1027 990 1106 1037 vero
1120 974 1190 1037 sine
1204 994 1304 1039 eccu-

198 1078 272 1139 rela
284 1076 442 1151 omnium,
466 1078 555 1137 certe
576 1073 805 1157 plurimorum,
832 1073 986 1139 codicum
1004 1074 1184 1140 collatione
1197 1077 1304 1141 nentia

198 1192 298 1260 quam
311 1162 428 1259 perfici
438 1178 575 1258 potest.¹
614 1172 694 1239 Huc
704 1174 846 1253 accedit,
861 1176 954 1259 quod
967 1177 1147 1261 plurimum
1158 1177 1304 1255 interest,

701 1375 809 1427 Nom

233 1510 247 1555 1
265 1504 372 1555 Ernesti
379 1506 404 1555 iu
414 1505 521 1557 Pressit„
533 1506 566 1557 ed
575 1508 696 1557 Tacitum
706 1521 733 1571 p.
774 1507 842 1557 ‘bne
852 1506 957 1572 scriptis
970 1506 1098 1573 editisque
1117 1506 1199 1559 omnis
1214 1504 1305 1563 lectio,

198 1592 227 1628 v.
235 1592 274 1631 vr.
282 1582 291 1610 ‘
299 1582 497 1647 Superioribus:
506 1584 615 1649 inquit,‘
625 1582 735 1645 seculis,
775 1583 783 1610 ‘
795 1585 982 1649 nuruverletes,
993 1586 1073 1635 etiem
1081 1584 1216 1635 manifeste
1225 1585 1306 1649 scrip-

198 1656 265 1721 ‘qui
282 1658 315 1705 ed
329 1657 499 1708 recensendos
512 1658 652 1721 scriptores
665 1662 735 1706 vete·
774 1658 862 1709 ‘tures
874 1660 938 1710 ritis
955 1666 1121 1709 notarentur:
1140 1659 1210 1709 unde
1227 1671 1305 1723 quen·

197 1730 208 1760 ¹
219 1746 262 1781 res
274 1732 445 1795 accedebant,
456 1731 519 1782 setis
529 1731 669 1795 hebebant,
683 1732 733 1782 Co·
772 1735 780 1762 ‘
791 1740 847 1783 tum
858 1736 979 1782 utltttstte
989 1734 1174 1783 redundaverit
1182 1734 1216 1782 ed
1224 1734 1305 1797 serip-

196 1806 206 1837 ‘
217 1806 289 1858 dices
300 1808 412 1873 scriptos
425 1815 453 1859 et
464 1808 549 1859 editos
559 1808 694 1859 consulere
705 1809 733 1859 in
773 1808 781 1837 ‘
795 1814 866 1859 tores
878 1814 992 1871 veteres,
1009 1822 1060 1857 non
1070 1809 1200 1872 ignorent,
1216 1809 1260 1875 qni
1278 1810 1307 1869 in

197 1883 281 1935 ‘locis
294 1886 334 1948 iis,
350 1884 395 1934 ubi
410 1886 540 1935 haererent
550 1886 610 1949 ipsl,
630 1892 657 1935 et
667 1880 733 1935 diffi-
772 1885 832 1935 ‘his
842 1884 925 1935 literis
935 1884 1076 1948 diligenter
1094 1890 1154 1935 sunt
1168 1886 1306 1935 veneti.-

198 1960 325 2011 ‘essltetis
337 1960 434 2027 sliquid
443 1962 575 2026 objectum
585 1968 661 2013 esset
679 1960 734 2011 Its·
772 1962 912 2013 ‘Historia
932 1969 1019 2013 eutem
1043 1962 1184 2013 editionum
1211 1978 1243 2012 ee
1262 1962 1307 2013 de·

198 2036 270 2101 ‘que
289 2042 391 2087 tentum
409 2038 534 2087 lectiones
545 2038 679 2101 librorum,
699 2038 733 2087 ed
774 2038 783 2066 ‘
795 2052 864 2088 mnrn
884 2038 955 2088 utilis
974 2045 1024 2101 est,
1050 2054 1108 2105 quse
1128 2038 1216 2103 docet,
1235 2038 1307 2092 unde

198 2114 252 2163 ‘es
274 2114 331 2165 loce
350 2114 460 2167 fortesse
480 2114 636 2180 profuturos,
663 2124 735 2180 pete·
773 2116 917 2179 ‘cujusque
937 2121 1025 2165 textus
1041 2114 1136 2165 ductus
1150 2114 1201 2176 sit3
1218 2122 1306 2167 utrum

196 2188 735 2253 ⁴bunt,nouuuiversnmlectionisverieta-
774 2192 827 2239 ‘ex
847 2190 899 2239 elis
920 2190 1047 2253 superiori
1075 2191 1213 2252 repetitus,
1236 2205 1269 2238 en
1291 2204 1305 2239 e

198 2265 281 2315 ‘tem
304 2268 343 2316 Eu
354 2280 383 2315 re
394 2266 586 2331 commiserunt,
598 2282 649 2318 non
658 2269 734 2317 modo
773 2268 783 2296 ‘
793 2266 898 2329 scriptis
918 2265 1048 2329 editisque
1068 2264 1141 2315 libris
1160 2263 1194 2313 nb
1213 2264 1307 2315 idoneo

198 2341 207 2371 ⁶
219 2348 249 2392 ut
260 2340 337 2391 iidem
346 2341 407 2390 libri
419 2342 568 2392 consulendi
581 2349 666 2393 essent
683 2344 731 2407 his,
772 2342 901 2392 ‘auctore
918 2341 1085 2391 emendetur:
1104 2340 1196 2407 quibus
1208 2340 1308 2405 ignores

196 2417 205 2444 ⁴
220 2416 262 2482 qni
275 2424 334 2481 post
346 2430 390 2466 eos
401 2418 434 2467 sd
446 2417 616 2468 recensendos
628 2418 731 2469 eosdem
774 2419 838 2483 ‘tis,
856 2418 920 2467 nihil
936 2418 1079 2468 editionum
1097 2417 1203 2481 notitia,
1221 2430 1307 2483 neque

198 2493 358 2557 ‘scriptores
369 2492 535 2558 secederent,
547 2496 568 2544 si
582 2495 643 2561 quid
655 2495 732 2545 alicu·
772 2494 827 2545 ‘ed
845 2494 976 2544 delectum
995 2494 1022 2543 in
1033 2492 1153 2557 emendo,
1170 2508 1255 2558 neque
1273 2492 1307 2543 ed

196 2568 245 2619 ‘lsi
265 2569 321 2619 sitii
343 2570 570 2634 subodorarentur,
587 2572 632 2621 sed
651 2574 733 2622 multe
773 2572 868 2621 ‘usum
882 2572 909 2620 in
921 2570 1084 2620 emendando
1099 2570 1307 2636 interpretendo·

199 2647 208 2675 ‘
221 2645 299 2695 etiem
311 2645 410 2695 intecta
421 2646 471 2710 ipsi
483 2648 666 2712 relinquerent,
676 2664 733 2713 quae
773 2647 781 2675 ‘
793 2661 853 2711 qne,
864 2646 987 2711 prodesse
998 2649 1104 2709 potest!

187 2721 206 2777 ,⁴
219 2736 253 2771 ex
264 2721 352 2772 iisdem
364 2722 437 2772 libris
453 2727 575 2786 poterent
595 2725 733 2775 emendari.
806 2726 823 2770 2
839 2721 928 2785 Digne
947 2726 1017 2784 sunt,
1037 2735 1095 2785 quse
1111 2721 1162 2771 hue
1181 2722 1304 2771 transcri-

199 2798 324 2847 ‘Etenim
349 2812 425 2848 nemo
450 2804 492 2848 est
510 2800 548 2849 itu
567 2799 683 2864 lynceus,
704 2806 735 2850 ut
773 2795 1308 2861 bunturverbnlll.WolfiiexProlegom.

198 2874 306 2923 ‘omnis
327 2873 448 2924 lectionis
469 2873 580 2938 rulgstae
603 2874 668 2925 vitis
688 2890 735 2925 sus
774 2876 808 2924 ed
825 2875 932 2923 Homer.
948 2874 993 2937 tl.
1009 2872 1110 2921 ‘Peuci
1125 2886 1247 2921 noverum
1267 2884 1307 2921 re-

197 2948 312 3011 ‘sponte
331 2948 430 3011 videet,
456 2964 505 3000 nee
532 2951 664 3000 interdum
685 2966 734 3016 pro
773 2951 943 3001 ‘censiounm
963 2955 1082 2998 suctores
1098 2948 1137 2997 ite
1153 2954 1241 3013 egunt,
1260 2954 1309 3001 eut

198 3024 207 3051 ⁴
221 3025 300 3075 rectis
312 3025 418 3088 probet,
429 3042 488 3090 quse
500 3028 592 3076 vitiose
610 3027 671 3091 sint,
689 3033 734 3078 sut
773 3028 850 3077 ‘enm
865 3024 962 3075 laboris
977 3024 1129 3089 patientium
1140 3022 1261 3089 efferunt,
1278 3032 1308 3077 ut

198 3101 208 3129 ⁴
221 3101 292 3150 velut
301 3102 378 3164 plene
386 3116 415 3151 sc
426 3103 563 3166 perspicue
571 3110 695 3166 transeat,
707 3104 733 3153 in
774 3104 783 3133 ‘
795 3118 829 3153 ex
838 3102 902 3152 locis
912 3102 974 3152 setis
985 3116 1056 3165 saepe
1068 3100 1209 3151 reconditis
1220 3108 1248 3150 et
1256 3100 1309 3151 die·

200 3176 312 3243 ‘qulbus
320 3178 363 3227 elii
376 3183 419 3227 esst
431 3188 574 3242 perumeut
583 3180 645 3229 nihil
657 3180 733 3230 intel·
773 3180 781 3207 ‘
794 3178 902 3243 petetis,
920 3178 946 3227 in
963 3176 1103 3242 primisque
1122 3190 1156 3225 ex
1174 3176 1307 3228 veteribus

198 3254 310 3318 ‘ligent
327 3253 493 3303 Csssubonus
505 3255 608 3319 quidem
616 3256 733 3323 (odSue-
772 3253 993 3317 ‘exempleribns,
1026 3266 1128 3302 omnem
1152 3252 1308 3305 veristeten

200 3328 732 3395 ‘tunium)futebetur,eibisaepeeccidis-
772 3328 911 3380 ‘lectionis
938 3328 1101 3392 contrairent,
1135 3342 1186 3394 qne
1211 3328 1308 3382 deinde

200 3406 260 3469 ἀι,
269 3412 308 3467 nt,
319 3420 375 3469 qnae
383 3404 525 3455 clarissime
534 3410 661 3469 putasset,
669 3405 694 3454 in
702 3404 732 3455 iis
771 3418 851 3457 ‘cnm
874 3406 984 3470 vulgetis
1003 3412 1167 3471 comperete,
1189 3412 1310 3457 consten-

197 3478 731 3545 ‘terereqeumptsnaespersptcueeo-
772 3484 846 3532 ‘tem
873 3482 1079 3533 emendationem
1111 3482 1308 3546 eggredisntur.

197 3556 274 3607 ‘rum
290 3556 472 3621 interpretetlo
492 3562 634 3620 peteretur.
666 3556 733 3608 Inde
772 3558 876 3608 ‘Immo
888 3557 1033 3608 consistunt
1049 3556 1106 3607 iere
1122 3564 1178 3606 tum
1194 3557 1309 3619 demum,

197 3632 207 3662 ‘
219 3633 300 3685 etiem
311 3632 350 3696 tit,
365 3640 394 3682 ut
405 3632 514 3683 subinde
527 3633 574 3681 riri
586 3633 667 3697 docti,
678 3640 733 3696 ent,
774 3632 838 3683 ‘ubi
846 3632 996 3697 impeditior
1004 3644 1093 3680 sensus
1101 3632 1144 3679 vel
1152 3630 1307 3694 ipsespecie

198 3709 207 3737 ‘
220 3709 284 3759 ritio
294 3709 413 3759 lectionis
431 3708 617 3771 animadverso,
633 3710 733 3773 conjec·
772 3706 954 3758 ‘menifestum
963 3705 1053 3755 vitium
1063 3704 1185 3768 objicitur
1194 3721 1202 3767 ς
1208 3704 1264 3768 jem
1273 3704 1306 3757 ed

197 3784 208 3815 ‘
221 3784 285 3835 turis
298 3798 325 3833 se
335 3790 483 3847 exerceant,
497 3791 542 3834 sut
553 3784 685 3848 explicere
697 3786 733 3833 ln·
773 3786 781 3815 ⁶
796 3785 879 3835 vertes
888 3784 1016 3832 lectiones
1027 3787 1074 3830 snt
1085 3780 1117 3829 ed
1135 3788 1209 3833 vctne
1221 3796 1308 3833 exem·

198 3854 325 3922 ‘dorent
348 3860 417 3925 quod
438 3860 557 3909 vitiosum
577 3866 639 3919 est3
659 3858 736 3909 'nihil
775 3859 853 3925 ‘pler
874 3856 1037 3920 confugiunt,
1058 3856 1136 3907 sorde
1156 3857 1310 3925 plerumque

198 3934 376 3997 ‘leboreturi,
416 3934 438 3985 si
469 3936 593 3985 librorum
619 3941 736 3987 veterum
775 3936 910 3998 ‘orseuln,
927 3934 1139 3985 nisicoostsnter
1153 3936 1309 3987 consulenti·

200 4010 349 4061 ‘lectiones
369 4024 457 4062 omnes
480 4016 582 4060 notetus
610 4010 737 4061 heberent
776 4013 851 4063 ‘loun
885 4010 979 4077 Neque
998 4012 1107 4061 muttum
1125 4012 1226 4062 diverse
1240 4012 1309 4065 retio

200 4086 256 4137 ‘eb
266 4086 306 4149 ils,
316 4084 410 4153 quibus
420 4100 508 4136 eornm
516 4085 625 4137 incultes
635 4086 735 4137 luisset.
775 4089 783 4118 ⁶
796 4096 838 4138 est
857 4101 954 4150 eorum,
970 4087 1024 4153 qui,
1043 4086 1205 4151 quentumvis
1227 4087 1307 4138 inter·

200 4164 316 4237 ‘iteque
333 4166 433 4217 utiliter
449 4164 499 4216 lroc
511 4166 657 4215 institutum
668 4172 708 4215 est
719 4181 737 4215 e
776 4164 784 4193 ‘
796 4163 857 4213 dnm
866 4162 937 4212 docti
945 4176 978 4213 se
986 4164 1102 4226 solertes,
1113 4177 1213 4213 omnem
1222 4176 1309 4213 emen·

200 4240 412 4304 trecentiorilsm
423 4240 538 4309 Criticie,
560 4248 589 4293 ut
606 4256 625 4299 e
640 4240 735 4293 codici-
775 4239 927 4307 fdetiooesn
937 4253 971 4291 ex
987 4238 1085 4305 sliquot
1103 4236 1229 4293 librormr
1239 4238 1307 4293 tiss.
