3184 4917
656 955 1080 1035 EXCURSUS

705 1154 758 1206 AD
775 1150 852 1206 SAT.
869 1153 906 1203 11.
918 1156 1035 1208 rtolor.

360 1406 435 1476 nuc
455 1405 579 1494 aliquid
601 1427 662 1491 pro
688 1406 775 1495 vulg„
800 1403 922 1493 aliquos
942 1405 1023 1473 oiim
1045 1401 1242 1486 suspicabar
1266 1406 1439 1485 tanquam

315 1512 530 1595 exquisitius„
541 1514 575 1574 et
589 1530 675 1574 nunc
688 1511 800 1594 recepi
814 1530 834 1573 e
849 1506 924 1573 cod.
942 1504 1099 1571 Sohurzfl.
1136 1502 1333 1568 Probarere
1343 1506 1437 1568 hanc

314 1612 389 1677 lect.
406 1610 577 1688 Schurzfl,
589 1610 804 1688 Schraderus,
821 1616 854 1675 et
871 1610 983 1674 Burm.
999 1606 1042 1672 ed
1057 1606 1154 1672 simil.
1168 1607 1233 1670 loo.
1254 1605 1365 1689 Prop.
1383 1621 1437 1670 iv·

314 1714 348 1781 Ζ.
364 1715 395 1778 1.
418 1713 476 1795 qui
498 1712 708 1776 hauddubie
724 1711 746 1775 J
749 1712 897 1776 uvenoiis
912 1710 1023 1773 animo
1036 1707 1298 1771 obversabatur
1320 1706 1439 1771 ‘Sunt

315 1812 444 1896 aliquid
470 1810 613 1893 Manes,
633 1813 734 1877 letum
756 1832 822 1876 non
847 1810 958 1875 omnio
979 1809 1062 1883 finit,
1086 1806 1275 1891 Luridaque
1295 1808 1437 1871 evictus

315 1912 433 1995 effugit
455 1913 573 1979 umbra
595 1911 716 1993 rogos?
760 1911 901 1996 Utrique
925 1911 1008 1974 forte
1028 1910 1163 1992 praeivit
1187 1908 1364 1972 Homerus
1389 1906 1437 1973 Il.

317 2024 353 2079 Ψ.
369 2012 444 2081 103.
459 2015 536 2080 104.
553 2008 598 2075 Ὦ
613 2009 705 2091 πόποι,
720 2008 738 2090 ἦ
751 2011 787 2098 ῥά
802 2038 844 2087 τις
864 2010 925 2074 irri
938 2010 991 2074 καὶ
1002 2014 1040 2073 riv
1053 2006 1261 2091 &irrumperet
1275 2012 1367 2094 Ψυχὴ
1382 2006 1437 2073 καὶ

316 2115 434 2181 εἴδωλον·
459 2118 533 2201 ἀτὰρ
547 2112 641 2201 φρένες
652 2117 702 2179 οὐκ
715 2113 756 2179 ἔνι
766 2114 898 2197 πάμπαν.
942 2114 997 2179 Ibi
1020 2113 1056 2178 in
1070 2114 1242 2197 antiquiss
1258 2113 1341 2177 cod.
1364 2112 1436 2179 MS.

317 2219 411 2302 Lips.
438 2237 499 2302 pro
524 2242 566 2290 τις
590 2217 708 2301 legitur
732 2242 772 2293 rr,
802 2215 894 2300 qnod
919 2235 986 2280 non
1006 2214 1229 2298 spernendum
1251 2214 1438 2297 judioobet

317 2320 458 2396 Ernesti,
480 2325 518 2383 ut
533 2336 652 2383 sensus
664 2324 766 2383 esset:
790 2316 872 2383 Non
885 2336 965 2400 ergo
980 2316 1101 2380 fulsum
1114 2322 1176 2392 est,
1199 2315 1292 2399 apud
1304 2316 1435 2381 inferos

316 2441 389 2485 osse
408 2418 520 2503 ψυχὰς,
544 2425 608 2485 eet
666 2418 795 2483 Eodem
820 2438 921 2483 senen
945 2416 1059 2483 Graeei
1088 2418 1270 2501 scriptores
1295 2418 1435 2501 possim

318 2522 433 2587 dixere
457 2518 528 2583 εἶναι’
547 2544 587 2599 rr,
610 2526 644 2585 et
666 2518 767 2586 ovid.
791 2520 875 2586 Met.
892 2537 947 2586 vr..
966 2520 1041 2585 548.
1065 2520 1120 2584 ‘si
1141 2520 1277 2584 numine
1298 2518 1435 2587 Divum

320 2623 406 2688 Sunt
420 2619 568 2710 aliquid?
1088 2680 1092 2687 ,

361 2722 424 2791 Vs.
440 2725 517 2791 150.
548 2732 676 2807 pontum
691 2724 723 2789 1.
745 2726 799 2790 70.
821 2726 874 2790 ⁷5.
896 2726 949 2791 76.
963 2725 1018 2791 81.
1032 2726 1086 2791 82.
1109 2725 1170 2789 sed
1194 2731 1318 2788 contum
1336 2723 1432 2789 212.

317 2827 638 2895 14.15.17.19-27.
660 2826 774 2893 4469.
794 2826 908 2892 71-74.
931 2828 1046 2894 77-80.
1068 2826 1159 2911 qnod
1177 2826 1319 2904 restitui,
1347 2846 1434 2910 qno·

317 2932 408 2999 niam
426 2933 519 2995 tanta
533 2929 728 2993 auctoritate
754 2926 917 3008 firmatur,
935 2929 1113 3015 aptiusque
1126 2929 1254 2993 videtur
1274 2928 1309 2991 h.
1323 2929 1348 2992 l.
1371 2926 1434 2993 ubi

316 3030 492 3098 Juvenalis
523 3030 690 3099 subtiliter
718 3030 796 3095 illas
818 3029 953 3095 sabulos
976 3035 1010 3094 et
1038 3036 1226 3097 commento
1256 3026 1432 3114 poetarum

317 3130 485 3214 explodit,
548 3128 726 3214 Respexit,
752 3132 884 3215 opinor,
912 3132 1017 3195 verbo
1043 3131 1138 3213 Virg.
1165 3130 1243 3194 AEn.
1272 3148 1323 3196 vr.
1352 3130 1422 3198 3⁰2

318 3228 423 3313 ‘Ipse
447 3228 597 3313 [Charon
619 3230 773 3313 portitor]
795 3238 900 3295 ratem
923 3237 1021 3295 oonto
1042 3230 1178 3313 subigit,
1197 3231 1348 3315 velisque
1369 3234 1418 3298 mi

318 3333 445 3408 nistret,
470 3329 514 3399 Et
533 3329 720 3414 ferrugineo
743 3331 918 3395 subvectat
938 3350 1081 3415 corporo
1094 3329 1235 3415 cymba?
1278 3330 1434 3399 Eundem

320 3430 472 3497 Maronis
496 3430 706 3509 lucumoni
729 3430 842 3508 etium,
865 3432 986 3497 uth.l.
1010 3452 1110 3499 versu
1134 3452 1217 3517 seq,
1241 3432 1283 3498 de
1307 3453 1434 3519 magno

319 3532 519 3610 umbronrm,
544 3532 720 3601 transmitti
734 3532 950 3617 cupientium,
970 3534 1068 3599 turbe
1080 3535 1199 3617 agitur,
1222 3536 1362 3604 contulit
1376 3555 1433 3601 ve·

318 3641 373 3703 tus
394 3630 513 3700 Schol,
526 3632 585 3698 sed
600 3652 789 3716 perperam,
808 3637 975 3701 momorioe
990 3634 1103 3700 sorson
1118 3637 1215 3716 vitio,
1238 3638 1289 3703 ito
1301 3640 1431 3723 neorip·

321 3736 386 3803 sit:
419 3731 489 3817 Ipse
511 3742 611 3798 rotem
632 3743 730 3816 pouto
755 3734 862 3812 subiit,
896 3734 1086 3802 oet-Nic·
1111 3737 1277 3805 Heinsius
1298 3760 1360 3825 pro
1384 3736 1431 3803 Et

316 3844 450 3923 poutwu
465 3836 519 3901 vel
538 3844 660 3901 contum
682 3836 830 3905 malebat
846 3836 892 3901 Et
909 3835 1117 3903 Porthmeunr
1129 3839 1183 3905 rel
1202 3840 1433 3926 Pontumque

317 3944 368 4013 et,
390 3934 440 4023 (v.
466 3936 579 4001 Burni.
609 3936 813 4021 adVirg21.
836 3935 879 4020 l.)
899 3945 937 4003 et
959 3939 1078 4005 Sterko
1102 3942 1138 4005 in
1160 3942 1258 4009 Actis
1278 3940 1432 4014 litemriis

323 4038 496 4107 societatis
527 4036 861 4122 Rheno-Trojeotinae
896 4040 1006 4124 nugo.
1043 4042 1123 4111 Bet.
1150 4044 1248 4110 1793.
1273 4042 1305 4107 8.
1333 4041 1375 4106 Τ.
1388 4029 1390 4032 ’
1405 4057 1429 4105 r.

323 4158 358 4221 p,
367 4140 442 4205 174.
473 4136 518 4203 Et
534 4149 659 4203 coneum
675 4150 704 4203 et
724 4137 836 4226 Stygio
849 4163 955 4223 ranas,
969 4144 1079 4213 cetrlr.
1093 4166 1123 4211 e.
1138 4164 1236 4211 renos
1249 4148 1430 4209 cantantem

324 4236 378 4307 lte
398 4239 515 4323 legitur
537 4241 572 4304 in
588 4240 662 4307 eod·
679 4240 732 4311 16.
751 4243 853 4327 idque
866 4246 996 4329 plaeere
1016 4252 1127 4333 potest
1139 4250 1271 4333 propter
1283 4244 1432 4332 exquisi-
