<?xml version="1.0" encoding="UTF-8"?>
<!DOCTYPE html PUBLIC "-//W3C//DTD XHTML 1.0 Transitional//EN"
    "http://www.w3.org/TR/xhtml1/DTD/xhtml1-transitional.dtd">
<html xmlns="http://www.w3.org/1999/xhtml" xml:lang="en" lang="en">
 <head>
  <title>
</title>
<meta http-equiv="Content-Type" content="text/html;charset=utf-8" />
  <meta name='ocr-system' content='tesseract 3.04.00' />
  <meta name='ocr-capabilities' content='ocr_page ocr_carea ocr_par ocr_line ocrx_word'/>
</head>
<body>
  <div class='ocr_page' id='page_1' title='image "./operaomnia00juvegoog_0133.png"; bbox 0 0 3184 4917; ppageno 0'>
   <div class='ocr_carea' id='block_1_1' title="bbox 511 358 1336 451">
    <p class='ocr_par' dir='ltr' id='par_1_1' title="bbox 511 358 1336 451">
     <span class='ocr_line' id='line_1_1' title="bbox 511 358 1336 451; baseline 0.005 -13"><span class='ocrx_word' id='word_1_1' title='bbox 511 358 517 363; x_wconf 70' lang='grc'><strong>’</strong></span> <span class='ocrx_word' id='word_1_2' title='bbox 556 388 693 451; x_wconf 84' lang='lat' dir='ltr'><strong>rsnsrr,</strong></span> <span class='ocrx_word' id='word_1_3' title='bbox 718 389 764 437; x_wconf 83' lang='lat' dir='ltr'><strong>nr</strong></span> <span class='ocrx_word' id='word_1_4' title='bbox 785 388 1008 441; x_wconf 80' lang='lat' dir='ltr'><strong>suvsnsnrs.</strong></span> <span class='ocrx_word' id='word_1_5' title='bbox 1269 374 1336 443; x_wconf 76' lang='lat' dir='ltr'><strong>ltu</strong></span> 
     </span>
    </p>
   </div>
   <div class='ocr_carea' id='block_1_2' title="bbox 212 516 1336 819">
    <p class='ocr_par' dir='ltr' id='par_1_2' title="bbox 212 516 1336 819">
     <span class='ocr_line' id='line_1_2' title="bbox 226 516 1336 617; baseline 0.002 -18"><span class='ocrx_word' id='word_1_6' title='bbox 226 533 312 599; x_wconf 72' lang='lat' dir='ltr'><strong>viris</strong></span> <span class='ocrx_word' id='word_1_7' title='bbox 326 530 458 615; x_wconf 75' lang='lat' dir='ltr'><strong>indigne</strong></span> <span class='ocrx_word' id='word_1_8' title='bbox 471 516 577 597; x_wconf 75' lang='lat' dir='ltr'><strong>fnisse</strong></span> <span class='ocrx_word' id='word_1_9' title='bbox 592 530 801 613; x_wconf 61' lang='lat' dir='ltr'><strong>existimem</strong></span> <span class='ocrx_word' id='word_1_10' title='bbox 823 552 884 597; x_wconf 87' lang='lat' dir='ltr'><strong>nec</strong></span> <span class='ocrx_word' id='word_1_11' title='bbox 898 530 942 597; x_wconf 88' lang='lat' dir='ltr'><strong>ud</strong></span> <span class='ocrx_word' id='word_1_12' title='bbox 954 522 1130 599; x_wconf 75' lang='lat' dir='ltr'><strong>sanctioris</strong></span> <span class='ocrx_word' id='word_1_13' title='bbox 1147 532 1336 617; x_wconf 67' lang='lat' dir='ltr'><strong>discipline</strong></span> 
     </span>
     <span class='ocr_line' id='line_1_3' title="bbox 226 634 1336 721; baseline 0 -22"><span class='ocrx_word' id='word_1_14' title='bbox 226 638 414 721; x_wconf 70' lang='lat' dir='ltr'><strong>precepta,</strong></span> <span class='ocrx_word' id='word_1_15' title='bbox 429 652 505 718; x_wconf 86' lang='lat' dir='ltr'><strong>queo</strong></span> <span class='ocrx_word' id='word_1_16' title='bbox 527 638 561 698; x_wconf 91' lang='lat' dir='ltr'><strong>et</strong></span> <span class='ocrx_word' id='word_1_17' title='bbox 580 634 683 699; x_wconf 80' lang='lat' dir='ltr'><strong>literm</strong></span> <span class='ocrx_word' id='word_1_18' title='bbox 708 650 815 698; x_wconf 79' lang='lat' dir='ltr'><strong>secrre</strong></span> <span class='ocrx_word' id='word_1_19' title='bbox 838 639 874 699; x_wconf 88' lang='lat' dir='ltr'><strong>et</strong></span> <span class='ocrx_word' id='word_1_20' title='bbox 895 634 1101 699; x_wconf 82' lang='lat' dir='ltr'><strong>emendatior</strong></span> <span class='ocrx_word' id='word_1_21' title='bbox 1121 634 1336 717; x_wconf 76' lang='lat' dir='ltr'><strong>philosophia</strong></span> 
     </span>
     <span class='ocr_line' id='line_1_4' title="bbox 212 735 1335 819; baseline 0 -18"><span class='ocrx_word' id='word_1_22' title='bbox 212 738 327 801; x_wconf 81' lang='lat' dir='ltr'><strong>nobis</strong></span> <span class='ocrx_word' id='word_1_23' title='bbox 353 735 535 813; x_wconf 82' lang='lat' dir='ltr'><strong>inculcent,</strong></span> <span class='ocrx_word' id='word_1_24' title='bbox 550 754 592 801; x_wconf 82' lang='lat' dir='ltr'><strong>ea</strong></span> <span class='ocrx_word' id='word_1_25' title='bbox 613 754 817 814; x_wconf 81' lang='lat' dir='ltr'><strong>rcrccemust,</strong></span> <span class='ocrx_word' id='word_1_26' title='bbox 833 755 911 819; x_wconf 78' lang='lat' dir='ltr'><strong>quae</strong></span> <span class='ocrx_word' id='word_1_27' title='bbox 933 736 1069 801; x_wconf 82' lang='lat' dir='ltr'>liberior</span> <span class='ocrx_word' id='word_1_28' title='bbox 1091 736 1224 801; x_wconf 88' lang='lat' dir='ltr'><strong>vivendi</strong></span> <span class='ocrx_word' id='word_1_29' title='bbox 1248 736 1335 801; x_wconf 78' lang='lat' dir='ltr'><strong>ratio</strong></span> 
     </span>
    </p>
   </div>
   <div class='ocr_carea' id='block_1_3' title="bbox 228 834 1445 933">
    <p class='ocr_par' dir='ltr' id='par_1_3' title="bbox 228 834 1445 933">
     <span class='ocr_line' id='line_1_5' title="bbox 228 834 1445 933; baseline -0.004 -29"><span class='ocrx_word' id='word_1_30' title='bbox 228 834 615 922; x_wconf 78' lang='lat' dir='ltr'><strong>Romanorum,&#39;pudcris</strong></span> <span class='ocrx_word' id='word_1_31' title='bbox 629 839 757 924; x_wconf 81' lang='lat' dir='ltr'><strong>legibus</strong></span> <span class='ocrx_word' id='word_1_32' title='bbox 768 844 910 904; x_wconf 61' lang='lat' dir='ltr'><strong>nouum</strong></span> <span class='ocrx_word' id='word_1_33' title='bbox 918 838 1066 915; x_wconf 77' lang='lat' dir='ltr'><strong>astricta,</strong></span> <span class='ocrx_word' id='word_1_34' title='bbox 1075 837 1203 902; x_wconf 82' lang='lat' dir='ltr'><strong>tulerat.</strong></span> <span class='ocrx_word' id='word_1_35' title='bbox 1223 836 1335 919; x_wconf 66' lang='lat' dir='ltr'><strong>(Quaz</strong></span> <span class='ocrx_word' id='word_1_36' title='bbox 1441 925 1445 933; x_wconf 20' lang='grc' dir='ltr'>ι</span> 
     </span>
    </p>
   </div>
   <div class='ocr_carea' id='block_1_4' title="bbox 220 937 1397 2143">
    <p class='ocr_par' dir='ltr' id='par_1_4' title="bbox 220 937 1397 2143">
     <span class='ocr_line' id='line_1_6' title="bbox 227 937 1333 1024; baseline -0.001 -20"><span class='ocrx_word' id='word_1_37' title='bbox 227 944 365 1023; x_wconf 90' lang='lat' dir='ltr'><strong>propter</strong></span> <span class='ocrx_word' id='word_1_38' title='bbox 377 938 461 1017; x_wconf 88' lang='lat' dir='ltr'><strong>etii,</strong></span> <span class='ocrx_word' id='word_1_39' title='bbox 476 939 533 1021; x_wconf 91' lang='lat' dir='ltr'><strong>qui</strong></span> <span class='ocrx_word' id='word_1_40' title='bbox 553 938 688 1003; x_wconf 86' lang='lat' dir='ltr'><strong>liberius</strong></span> <span class='ocrx_word' id='word_1_41' title='bbox 702 939 837 1006; x_wconf 82' lang='lat' dir='ltr'><strong>vivendi</strong></span> <span class='ocrx_word' id='word_1_42' title='bbox 857 958 961 1023; x_wconf 81' lang='lat' dir='ltr'><strong>genus</strong></span> <span class='ocrx_word' id='word_1_43' title='bbox 974 938 1084 1024; x_wconf 72' lang='lat' dir='ltr'><strong>politis</strong></span> <span class='ocrx_word' id='word_1_44' title='bbox 1108 937 1333 1004; x_wconf 85' lang='lat' dir='ltr'><strong>Romanorum</strong></span> 
     </span>
     <span class='ocr_line' id='line_1_7' title="bbox 225 1040 1330 1123; baseline -0.002 -18"><span class='ocrx_word' id='word_1_45' title='bbox 225 1040 516 1123; x_wconf 79' lang='lat' dir='ltr'><strong>exprobrarenrnt,</strong></span> <span class='ocrx_word' id='word_1_46' title='bbox 539 1041 651 1123; x_wconf 89' lang='lat' dir='ltr'><strong>inique</strong></span> <span class='ocrx_word' id='word_1_47' title='bbox 672 1040 778 1123; x_wconf 77' lang='lat' dir='ltr'>egisse</span> <span class='ocrx_word' id='word_1_48' title='bbox 803 1040 976 1123; x_wconf 58' lang='lat' dir='ltr'><strong>videntum</strong></span> <span class='ocrx_word' id='word_1_49' title='bbox 998 1060 1060 1105; x_wconf 88' lang='lat' dir='ltr'><strong>nec</strong></span> <span class='ocrx_word' id='word_1_50' title='bbox 1087 1040 1269 1123; x_wconf 80' lang='lat' dir='ltr'><strong>sapientius</strong></span> <span class='ocrx_word' id='word_1_51' title='bbox 1294 1040 1330 1117; x_wconf 92' lang='lat' dir='ltr'><strong>ii,</strong></span> 
     </span>
     <span class='ocr_line' id='line_1_8' title="bbox 227 1140 1332 1229; baseline -0.001 -23"><span class='ocrx_word' id='word_1_52' title='bbox 227 1142 284 1225; x_wconf 89' lang='lat' dir='ltr'><strong>qui</strong></span> <span class='ocrx_word' id='word_1_53' title='bbox 299 1160 530 1207; x_wconf 79' lang='lat' dir='ltr'><strong>consocerum</strong></span> <span class='ocrx_word' id='word_1_54' title='bbox 545 1148 711 1225; x_wconf 81' lang='lat' dir='ltr'><strong>susceptu,</strong></span> <span class='ocrx_word' id='word_1_55' title='bbox 724 1162 769 1207; x_wconf 84' lang='lat' dir='ltr'><strong>ex</strong></span> <span class='ocrx_word' id='word_1_56' title='bbox 786 1144 931 1229; x_wconf 83' lang='lat' dir='ltr'><strong>scriptis·</strong></span> <span class='ocrx_word' id='word_1_57' title='bbox 940 1142 1107 1227; x_wconf 89' lang='lat' dir='ltr'><strong>judicium</strong></span> <span class='ocrx_word' id='word_1_58' title='bbox 1120 1143 1163 1207; x_wconf 91' lang='lat' dir='ltr'><strong>de</strong></span> <span class='ocrx_word' id='word_1_59' title='bbox 1184 1140 1332 1205; x_wconf 84' lang='lat' dir='ltr'><strong>moribus</strong></span> 
     </span>
     <span class='ocr_line' id='line_1_9' title="bbox 225 1241 1332 1328; baseline -0.003 -20"><span class='ocrx_word' id='word_1_60' title='bbox 225 1242 370 1327; x_wconf 77' lang='lat' dir='ltr'><strong>alicujus</strong></span> <span class='ocrx_word' id='word_1_61' title='bbox 389 1242 578 1309; x_wconf 81' lang='lat' dir='ltr'><strong>faciendum</strong></span> <span class='ocrx_word' id='word_1_62' title='bbox 599 1263 664 1310; x_wconf 90' lang='lat' dir='ltr'><strong>non</strong></span> <span class='ocrx_word' id='word_1_63' title='bbox 686 1263 771 1321; x_wconf 86' lang='lat' dir='ltr'><strong>esse,</strong></span> <span class='ocrx_word' id='word_1_64' title='bbox 785 1245 1029 1328; x_wconf 89' lang='lat' dir='ltr'><strong>perhibuerunt.</strong></span> <span class='ocrx_word' id='word_1_65' title='bbox 1075 1243 1164 1322; x_wconf 81' lang='lat' dir='ltr'><strong>Quae</strong></span> <span class='ocrx_word' id='word_1_66' title='bbox 1187 1242 1274 1307; x_wconf 87' lang='lat' dir='ltr'><strong>enim</strong></span> <span class='ocrx_word' id='word_1_67' title='bbox 1288 1241 1332 1306; x_wconf 83' lang='lat' dir='ltr'><strong>nd</strong></span> 
     </span>
     <span class='ocr_line' id='line_1_10' title="bbox 223 1341 1331 1429; baseline 0.001 -22"><span class='ocrx_word' id='word_1_68' title='bbox 223 1343 408 1409; x_wconf 67' lang='lat' dir='ltr'><strong>honestatis</strong></span> <span class='ocrx_word' id='word_1_69' title='bbox 437 1346 605 1422; x_wconf 77' lang='lat' dir='ltr'><strong>rohonem,</strong></span> <span class='ocrx_word' id='word_1_70' title='bbox 634 1349 709 1409; x_wconf 92' lang='lat' dir='ltr'><strong>tunc</strong></span> <span class='ocrx_word' id='word_1_71' title='bbox 734 1364 801 1409; x_wconf 87' lang='lat' dir='ltr'><strong>usu</strong></span> <span class='ocrx_word' id='word_1_72' title='bbox 826 1350 994 1429; x_wconf 75' lang='lat' dir='ltr'><strong>receptam</strong></span> <span class='ocrx_word' id='word_1_73' title='bbox 1018 1349 1053 1409; x_wconf 88' lang='lat' dir='ltr'><strong>et</strong></span> <span class='ocrx_word' id='word_1_74' title='bbox 1080 1341 1331 1421; x_wconf 88' lang='lat' dir='ltr'><strong>consuetudine,</strong></span> 
     </span>
     <span class='ocr_line' id='line_1_11' title="bbox 222 1445 1330 1531; baseline -0.001 -21"><span class='ocrx_word' id='word_1_75' title='bbox 222 1445 338 1523; x_wconf 80' lang='lat' dir='ltr'><strong>relate,</strong></span> <span class='ocrx_word' id='word_1_76' title='bbox 352 1447 441 1511; x_wconf 91' lang='lat' dir='ltr'><strong>bono</strong></span> <span class='ocrx_word' id='word_1_77' title='bbox 454 1448 526 1511; x_wconf 85' lang='lat' dir='ltr'><strong>viro</strong></span> <span class='ocrx_word' id='word_1_78' title='bbox 539 1454 573 1511; x_wconf 89' lang='lat' dir='ltr'><strong>et</strong></span> <span class='ocrx_word' id='word_1_79' title='bbox 585 1446 715 1511; x_wconf 77' lang='lat' dir='ltr'><strong>liberali</strong></span> <span class='ocrx_word' id='word_1_80' title='bbox 728 1447 863 1529; x_wconf 78' lang='lat' dir='ltr'><strong>indigns</strong></span> <span class='ocrx_word' id='word_1_81' title='bbox 871 1466 938 1511; x_wconf 90' lang='lat' dir='ltr'><strong>non</strong></span> <span class='ocrx_word' id='word_1_82' title='bbox 960 1453 1063 1526; x_wconf 82' lang='lat' dir='ltr'><strong>erent,</strong></span> <span class='ocrx_word' id='word_1_83' title='bbox 1077 1465 1192 1511; x_wconf 90' lang='lat' dir='ltr'><strong>eorum</strong></span> <span class='ocrx_word' id='word_1_84' title='bbox 1210 1463 1330 1531; x_wconf 85' lang='lat' dir='ltr'><strong>expro-</strong></span> 
     </span>
     <span class='ocr_line' id='line_1_12' title="bbox 224 1544 1330 1635; baseline -0.001 -24"><span class='ocrx_word' id='word_1_85' title='bbox 224 1547 333 1613; x_wconf 82' lang='lat' dir='ltr'><strong>bratio</strong></span> <span class='ocrx_word' id='word_1_86' title='bbox 343 1548 466 1635; x_wconf 79' lang='lat' dir='ltr'><strong>injuste</strong></span> <span class='ocrx_word' id='word_1_87' title='bbox 479 1554 541 1628; x_wconf 88' lang='lat' dir='ltr'><strong>est,</strong></span> <span class='ocrx_word' id='word_1_88' title='bbox 555 1552 589 1612; x_wconf 90' lang='lat' dir='ltr'><strong>et</strong></span> <span class='ocrx_word' id='word_1_89' title='bbox 599 1548 714 1631; x_wconf 78' lang='lat' dir='ltr'><strong>inepta</strong></span> <span class='ocrx_word' id='word_1_90' title='bbox 728 1544 905 1631; x_wconf 76' lang='lat' dir='ltr'><strong>defensio.)</strong></span> <span class='ocrx_word' id='word_1_91' title='bbox 946 1547 1118 1613; x_wconf 75' lang='lat' dir='ltr'><strong>terendis</strong></span> <span class='ocrx_word' id='word_1_92' title='bbox 1131 1567 1238 1613; x_wconf 89' lang='lat' dir='ltr'><strong>rerum</strong></span> <span class='ocrx_word' id='word_1_93' title='bbox 1260 1553 1330 1611; x_wconf 88' lang='lat' dir='ltr'><strong>tur·</strong></span> 
     </span>
     <span class='ocr_line' id='line_1_13' title="bbox 222 1646 1328 1733; baseline 0 -20"><span class='ocrx_word' id='word_1_94' title='bbox 222 1649 405 1733; x_wconf 87' lang='lat' dir='ltr'><strong>pitudinem</strong></span> <span class='ocrx_word' id='word_1_95' title='bbox 418 1650 591 1715; x_wconf 81' lang='lat' dir='ltr'><strong>verborum</strong></span> <span class='ocrx_word' id='word_1_96' title='bbox 605 1648 827 1715; x_wconf 85' lang='lat' dir='ltr'><strong>obscoenitate</strong></span> <span class='ocrx_word' id='word_1_97' title='bbox 845 1649 930 1714; x_wconf 84' lang='lat' dir='ltr'><strong>edoo</strong></span> <span class='ocrx_word' id='word_1_98' title='bbox 943 1649 985 1711; x_wconf 90' lang='lat' dir='ltr'><strong>de</strong></span> <span class='ocrx_word' id='word_1_99' title='bbox 1000 1647 1162 1713; x_wconf 81' lang='lat' dir='ltr'><strong>industrie</strong></span> <span class='ocrx_word' id='word_1_100' title='bbox 1171 1646 1328 1733; x_wconf 86' lang='lat' dir='ltr'><strong>persequi</strong></span> 
     </span>
     <span class='ocr_line' id='line_1_14' title="bbox 224 1749 1328 1836; baseline -0.003 -21"><span class='ocrx_word' id='word_1_101' title='bbox 224 1750 362 1827; x_wconf 82' lang='lat' dir='ltr'><strong>ridetur,</strong></span> <span class='ocrx_word' id='word_1_102' title='bbox 379 1757 416 1816; x_wconf 89' lang='lat' dir='ltr'><strong>ut</strong></span> <span class='ocrx_word' id='word_1_103' title='bbox 435 1752 534 1817; x_wconf 81' lang='lat' dir='ltr'><strong>facile</strong></span> <span class='ocrx_word' id='word_1_104' title='bbox 548 1756 722 1836; x_wconf 79' lang='lat' dir='ltr'><strong>appareat,</strong></span> <span class='ocrx_word' id='word_1_105' title='bbox 743 1750 780 1829; x_wconf 79' lang='lat' dir='ltr'><strong>id</strong></span> <span class='ocrx_word' id='word_1_106' title='bbox 794 1752 901 1834; x_wconf 77' lang='lat' dir='ltr'><strong>egisse</strong></span> <span class='ocrx_word' id='word_1_107' title='bbox 913 1750 1061 1834; x_wconf 75' lang='lat' dir='ltr'><strong>politam,</strong></span> <span class='ocrx_word' id='word_1_108' title='bbox 1076 1756 1113 1815; x_wconf 91' lang='lat' dir='ltr'><strong>ut</strong></span> <span class='ocrx_word' id='word_1_109' title='bbox 1126 1749 1171 1812; x_wconf 83' lang='lat' dir='ltr'><strong>eb</strong></span> <span class='ocrx_word' id='word_1_110' title='bbox 1185 1749 1253 1813; x_wconf 84' lang='lat' dir='ltr'><strong>illis</strong></span> <span class='ocrx_word' id='word_1_111' title='bbox 1270 1750 1328 1812; x_wconf 88' lang='lat' dir='ltr'><strong>de·</strong></span> 
     </span>
     <span class='ocr_line' id='line_1_15' title="bbox 222 1848 1397 1935; baseline -0.001 -19"><span class='ocrx_word' id='word_1_112' title='bbox 222 1852 364 1917; x_wconf 86' lang='lat' dir='ltr'><strong>terrimis</strong></span> <span class='ocrx_word' id='word_1_113' title='bbox 377 1852 552 1919; x_wconf 85' lang='lat' dir='ltr'><strong>libidinum</strong></span> <span class='ocrx_word' id='word_1_114' title='bbox 570 1853 743 1935; x_wconf 79' lang='lat' dir='ltr'><strong>generibus</strong></span> <span class='ocrx_word' id='word_1_115' title='bbox 759 1852 900 1916; x_wconf 85' lang='lat' dir='ltr'><strong>lectores</strong></span> <span class='ocrx_word' id='word_1_116' title='bbox 911 1852 1129 1931; x_wconf 82' lang='lat' dir='ltr'><strong>absterrreret,</strong></span> <span class='ocrx_word' id='word_1_117' title='bbox 1152 1848 1329 1915; x_wconf 77' lang='lat' dir='ltr'><strong>sceleratos</strong></span> <span class='ocrx_word' id='word_1_118' title='bbox 1392 1852 1397 1861; x_wconf 83' lang='lat'>&#39;</span> 
     </span>
     <span class='ocr_line' id='line_1_16' title="bbox 221 1953 1327 2038; baseline 0 -20"><span class='ocrx_word' id='word_1_119' title='bbox 221 1960 256 2019; x_wconf 89' lang='lat' dir='ltr'><strong>et</strong></span> <span class='ocrx_word' id='word_1_120' title='bbox 269 1955 507 2021; x_wconf 77' lang='lat' dir='ltr'><strong>abominandos</strong></span> <span class='ocrx_word' id='word_1_121' title='bbox 529 1956 681 2023; x_wconf 89' lang='lat' dir='ltr'><strong>homines</strong></span> <span class='ocrx_word' id='word_1_122' title='bbox 708 1958 742 2020; x_wconf 92' lang='lat' dir='ltr'><strong>in</strong></span> <span class='ocrx_word' id='word_1_123' title='bbox 767 1955 928 2021; x_wconf 77' lang='lat' dir='ltr'><strong>invidiam</strong></span> <span class='ocrx_word' id='word_1_124' title='bbox 955 1954 1146 2033; x_wconf 76' lang='lat' dir='ltr'><strong>adduceret,</strong></span> <span class='ocrx_word' id='word_1_125' title='bbox 1170 1953 1327 2038; x_wconf 79' lang='lat' dir='ltr'><strong>gravissi·</strong></span> 
     </span>
     <span class='ocr_line' id='line_1_17' title="bbox 220 2054 1326 2143; baseline 0.002 -24"><span class='ocrx_word' id='word_1_126' title='bbox 220 2074 373 2143; x_wconf 86' lang='lat' dir='ltr'><strong>memque</strong></span> <span class='ocrx_word' id='word_1_127' title='bbox 407 2055 554 2122; x_wconf 80' lang='lat' dir='ltr'><strong>insumite</strong></span> <span class='ocrx_word' id='word_1_128' title='bbox 589 2062 701 2122; x_wconf 80' lang='lat' dir='ltr'><strong>notam</strong></span> <span class='ocrx_word' id='word_1_129' title='bbox 736 2057 780 2123; x_wconf 84' lang='lat' dir='ltr'><strong>iis</strong></span> <span class='ocrx_word' id='word_1_130' title='bbox 815 2054 997 2121; x_wconf 82' lang='lat' dir='ltr'><strong>inureret.¹⁶</strong></span> <span class='ocrx_word' id='word_1_131' title='bbox 1054 2056 1148 2122; x_wconf 82' lang='lat' dir='ltr'><strong>Huic</strong></span> <span class='ocrx_word' id='word_1_132' title='bbox 1185 2056 1326 2121; x_wconf 88' lang='lat' dir='ltr'><strong>consilio</strong></span> 
     </span>
    </p>
   </div>
   <div class='ocr_carea' id='block_1_5' title="bbox 706 2238 812 2293">
    <p class='ocr_par' dir='ltr' id='par_1_5' title="bbox 706 2238 812 2293">
     <span class='ocr_line' id='line_1_18' title="bbox 706 2238 812 2293; baseline -0.019 0"><span class='ocrx_word' id='word_1_133' title='bbox 706 2238 812 2293; x_wconf 72' lang='lat' dir='ltr'><strong>Nom</strong></span> 
     </span>
    </p>
   </div>
   <div class='ocr_carea' id='block_1_6' title="bbox 216 2350 1325 2949">
    <p class='ocr_par' dir='ltr' id='par_1_6' title="bbox 216 2350 1325 2949">
     <span class='ocr_line' id='line_1_19' title="bbox 253 2350 1324 2418; baseline 0 -14"><span class='ocrx_word' id='word_1_134' title='bbox 253 2358 285 2404; x_wconf 83' lang='lat' dir='ltr'><strong>lh</strong></span> <span class='ocrx_word' id='word_1_135' title='bbox 302 2352 431 2418; x_wconf 74' lang='lat' dir='ltr'><strong>Rigaltius</strong></span> <span class='ocrx_word' id='word_1_136' title='bbox 452 2353 479 2403; x_wconf 90' lang='lat' dir='ltr'><strong>in</strong></span> <span class='ocrx_word' id='word_1_137' title='bbox 492 2353 565 2405; x_wconf 79' lang='lat' dir='ltr'><strong>Dios.</strong></span> <span class='ocrx_word' id='word_1_138' title='bbox 583 2354 617 2404; x_wconf 93' lang='lat' dir='ltr'><strong>de</strong></span> <span class='ocrx_word' id='word_1_139' title='bbox 633 2354 689 2405; x_wconf 82' lang='lat' dir='ltr'><strong>Set.</strong></span> <span class='ocrx_word' id='word_1_140' title='bbox 706 2354 753 2406; x_wconf 83' lang='lat' dir='ltr'><strong>lo·</strong></span> <span class='ocrx_word' id='word_1_141' title='bbox 793 2350 1011 2405; x_wconf 79' lang='lat' dir='ltr'><strong>sternutamentis</strong></span> <span class='ocrx_word' id='word_1_142' title='bbox 1027 2353 1164 2405; x_wconf 83' lang='lat' dir='ltr'><strong>cerebrum</strong></span> <span class='ocrx_word' id='word_1_143' title='bbox 1183 2358 1324 2405; x_wconf 73' lang='lat' dir='ltr'><strong>concutere</strong></span> 
     </span>
     <span class='ocr_line' id='line_1_20' title="bbox 220 2430 1324 2496; baseline 0 -17"><span class='ocrx_word' id='word_1_144' title='bbox 220 2444 279 2481; x_wconf 81' lang='lat' dir='ltr'><strong>ren.</strong></span> <span class='ocrx_word' id='word_1_145' title='bbox 307 2430 567 2495; x_wconf 81' lang='lat' dir='ltr'><strong>‘Dictelnvcnalis,&#39;</strong></span> <span class='ocrx_word' id='word_1_146' title='bbox 583 2431 676 2496; x_wconf 87' lang='lat' dir='ltr'><strong>inquit,</strong></span> <span class='ocrx_word' id='word_1_147' title='bbox 695 2430 751 2481; x_wconf 84' lang='lat' dir='ltr'><strong>‘sic</strong></span> <span class='ocrx_word' id='word_1_148' title='bbox 791 2430 888 2480; x_wconf 89' lang='lat' dir='ltr'><strong>medici</strong></span> <span class='ocrx_word' id='word_1_149' title='bbox 891 2430 1004 2494; x_wconf 83' lang='lat' dir='ltr'><strong>jubent:</strong></span> <span class='ocrx_word' id='word_1_150' title='bbox 1020 2430 1060 2481; x_wconf 87' lang='lat' dir='ltr'><strong>sle</strong></span> <span class='ocrx_word' id='word_1_151' title='bbox 1069 2430 1181 2481; x_wconf 86' lang='lat' dir='ltr'><strong>admotis</strong></span> <span class='ocrx_word' id='word_1_152' title='bbox 1187 2430 1324 2481; x_wconf 82' lang='lat' dir='ltr'><strong>sstirsrnrn</strong></span> 
     </span>
     <span class='ocr_line' id='line_1_21' title="bbox 219 2504 1325 2573; baseline -0.001 -18"><span class='ocrx_word' id='word_1_153' title='bbox 219 2506 455 2571; x_wconf 87' lang='lat' dir='ltr'><strong>aecipiendasunt,</strong></span> <span class='ocrx_word' id='word_1_154' title='bbox 464 2506 750 2573; x_wconf 83' lang='lat' dir='ltr'><strong>tanqnsmprnt&#39;eetaab</strong></span> <span class='ocrx_word' id='word_1_155' title='bbox 790 2504 894 2557; x_wconf 77' lang='lat' dir='ltr'><strong>fecibus</strong></span> <span class='ocrx_word' id='word_1_156' title='bbox 918 2505 1013 2557; x_wconf 72' lang='lat' dir='ltr'><strong>fetide</strong></span> <span class='ocrx_word' id='word_1_157' title='bbox 1031 2520 1171 2570; x_wconf 69' lang='lat' dir='ltr'><strong>genarum</strong></span> <span class='ocrx_word' id='word_1_158' title='bbox 1191 2504 1325 2571; x_wconf 69' lang='lat' dir='ltr'><strong>gurgustia</strong></span> 
     </span>
     <span class='ocr_line' id='line_1_22' title="bbox 216 2580 1325 2649; baseline -0.001 -18"><span class='ocrx_word' id='word_1_159' title='bbox 216 2582 303 2646; x_wconf 74' lang='lat' dir='ltr'><strong>rigido</strong></span> <span class='ocrx_word' id='word_1_160' title='bbox 314 2583 434 2633; x_wconf 79' lang='lat' dir='ltr'><strong>veritatis</strong></span> <span class='ocrx_word' id='word_1_161' title='bbox 445 2584 555 2645; x_wconf 86' lang='lat' dir='ltr'><strong>cultore,</strong></span> <span class='ocrx_word' id='word_1_162' title='bbox 565 2583 610 2649; x_wconf 87' lang='lat' dir='ltr'><strong>qui</strong></span> <span class='ocrx_word' id='word_1_163' title='bbox 632 2590 749 2634; x_wconf 86' lang='lat' dir='ltr'><strong>naturam</strong></span> <span class='ocrx_word' id='word_1_164' title='bbox 790 2588 819 2633; x_wconf 86' lang='lat' dir='ltr'><strong>et</strong></span> <span class='ocrx_word' id='word_1_165' title='bbox 829 2582 950 2634; x_wconf 80' lang='lat' dir='ltr'><strong>cnsssm</strong></span> <span class='ocrx_word' id='word_1_166' title='bbox 969 2583 1173 2648; x_wconf 78' lang='lat' dir='ltr'><strong>prostibulorum</strong></span> <span class='ocrx_word' id='word_1_167' title='bbox 1188 2580 1325 2645; x_wconf 80' lang='lat' dir='ltr'><strong>lupnusrie</strong></span> 
     </span>
     <span class='ocr_line' id='line_1_23' title="bbox 218 2655 1324 2723; baseline -0.002 -17"><span class='ocrx_word' id='word_1_168' title='bbox 218 2656 311 2707; x_wconf 87' lang='lat' dir='ltr'><strong>ducem</strong></span> <span class='ocrx_word' id='word_1_169' title='bbox 323 2664 437 2721; x_wconf 86' lang='lat' dir='ltr'><strong>secutus,</strong></span> <span class='ocrx_word' id='word_1_170' title='bbox 448 2660 579 2709; x_wconf 79' lang='lat' dir='ltr'><strong>Virtutem</strong></span> <span class='ocrx_word' id='word_1_171' title='bbox 591 2673 640 2723; x_wconf 92' lang='lat' dir='ltr'><strong>prc</strong></span> <span class='ocrx_word' id='word_1_172' title='bbox 652 2674 749 2710; x_wconf 89' lang='lat' dir='ltr'><strong>summo</strong></span> <span class='ocrx_word' id='word_1_173' title='bbox 789 2658 910 2720; x_wconf 88' lang='lat' dir='ltr'><strong>accendi,</strong></span> <span class='ocrx_word' id='word_1_174' title='bbox 919 2664 1062 2722; x_wconf 84' lang='lat' dir='ltr'><strong>noctesque</strong></span> <span class='ocrx_word' id='word_1_175' title='bbox 1082 2656 1243 2707; x_wconf 82' lang='lat' dir='ltr'><strong>Neronianas</strong></span> <span class='ocrx_word' id='word_1_176' title='bbox 1253 2655 1324 2705; x_wconf 90' lang='lat' dir='ltr'><strong>illus·</strong></span> 
     </span>
     <span class='ocr_line' id='line_1_24' title="bbox 216 2731 1325 2799; baseline 0 -18"><span class='ocrx_word' id='word_1_177' title='bbox 216 2734 321 2785; x_wconf 88' lang='lat' dir='ltr'><strong>numine</strong></span> <span class='ocrx_word' id='word_1_178' title='bbox 332 2734 451 2799; x_wconf 74' lang='lat' dir='ltr'><strong>hubelini,</strong></span> <span class='ocrx_word' id='word_1_179' title='bbox 461 2734 549 2786; x_wconf 81' lang='lat' dir='ltr'><strong>sucum</strong></span> <span class='ocrx_word' id='word_1_180' title='bbox 558 2742 586 2785; x_wconf 92' lang='lat' dir='ltr'><strong>et</strong></span> <span class='ocrx_word' id='word_1_181' title='bbox 596 2736 749 2799; x_wconf 71' lang='lat' dir='ltr'><strong>imposturas</strong></span> <span class='ocrx_word' id='word_1_182' title='bbox 789 2734 854 2784; x_wconf 85' lang='lat' dir='ltr'><strong>trsri</strong></span> <span class='ocrx_word' id='word_1_183' title='bbox 865 2732 974 2797; x_wconf 83' lang='lat' dir='ltr'><strong>profult,</strong></span> <span class='ocrx_word' id='word_1_184' title='bbox 985 2740 1017 2783; x_wconf 92' lang='lat' dir='ltr'><strong>ut</strong></span> <span class='ocrx_word' id='word_1_185' title='bbox 1024 2732 1086 2782; x_wconf 87' lang='lat' dir='ltr'><strong>inde</strong></span> <span class='ocrx_word' id='word_1_186' title='bbox 1096 2733 1212 2783; x_wconf 80' lang='lat' dir='ltr'><strong>excitsts</strong></span> <span class='ocrx_word' id='word_1_187' title='bbox 1225 2731 1325 2795; x_wconf 88' lang='lat' dir='ltr'><strong>spurci·</strong></span> 
     </span>
     <span class='ocr_line' id='line_1_25' title="bbox 217 2806 1323 2867; baseline -0.001 -10"><span class='ocrx_word' id='word_1_188' title='bbox 217 2808 407 2860; x_wconf 87' lang='lat' dir='ltr'><strong>detestabatur.</strong></span> <span class='ocrx_word' id='word_1_189' title='bbox 439 2812 527 2861; x_wconf 86' lang='lat' dir='ltr'><strong>Dares</strong></span> <span class='ocrx_word' id='word_1_190' title='bbox 546 2811 586 2860; x_wconf 86' lang='lat' dir='ltr'><strong>illi</strong></span> <span class='ocrx_word' id='word_1_191' title='bbox 606 2811 683 2861; x_wconf 87' lang='lat' dir='ltr'><strong>alium</strong></span> <span class='ocrx_word' id='word_1_192' title='bbox 703 2812 749 2861; x_wconf 91' lang='lat' dir='ltr'><strong>du·</strong></span> <span class='ocrx_word' id='word_1_193' title='bbox 789 2808 840 2859; x_wconf 88' lang='lat' dir='ltr'><strong>ties</strong></span> <span class='ocrx_word' id='word_1_194' title='bbox 856 2822 933 2859; x_wconf 82' lang='lat' dir='ltr'><strong>nares</strong></span> <span class='ocrx_word' id='word_1_195' title='bbox 952 2814 982 2857; x_wconf 90' lang='lat' dir='ltr'><strong>et</strong></span> <span class='ocrx_word' id='word_1_196' title='bbox 998 2806 1136 2859; x_wconf 85' lang='lat' dir='ltr'><strong>cerebrum</strong></span> <span class='ocrx_word' id='word_1_197' title='bbox 1152 2806 1263 2867; x_wconf 73' lang='lat' dir='ltr'><strong>seriret3</strong></span> <span class='ocrx_word' id='word_1_198' title='bbox 1290 2820 1323 2857; x_wconf 89' lang='lat' dir='ltr'><strong>sc</strong></span> 
     </span>
     <span class='ocr_line' id='line_1_26' title="bbox 216 2883 1323 2949; baseline -0.003 -15"><span class='ocrx_word' id='word_1_199' title='bbox 216 2898 285 2948; x_wconf 86' lang='lat' dir='ltr'><strong>cern,</strong></span> <span class='ocrx_word' id='word_1_200' title='bbox 305 2886 378 2937; x_wconf 87' lang='lat' dir='ltr'><strong>illum</strong></span> <span class='ocrx_word' id='word_1_201' title='bbox 400 2886 500 2939; x_wconf 85' lang='lat' dir='ltr'><strong>scilicet</strong></span> <span class='ocrx_word' id='word_1_202' title='bbox 522 2886 642 2937; x_wconf 66' lang='lat' dir='ltr'><strong>veritatis</strong></span> <span class='ocrx_word' id='word_1_203' title='bbox 663 2893 750 2937; x_wconf 85' lang='lat' dir='ltr'><strong>sacto·</strong></span> <span class='ocrx_word' id='word_1_204' title='bbox 790 2899 838 2949; x_wconf 91' lang='lat' dir='ltr'><strong>per</strong></span> <span class='ocrx_word' id='word_1_205' title='bbox 857 2885 908 2935; x_wconf 88' lang='lat' dir='ltr'><strong>hcc</strong></span> <span class='ocrx_word' id='word_1_206' title='bbox 933 2884 1120 2934; x_wconf 78' lang='lat' dir='ltr'><strong>somniculosus</strong></span> <span class='ocrx_word' id='word_1_207' title='bbox 1141 2883 1187 2931; x_wconf 89' lang='lat' dir='ltr'><strong>ills</strong></span> <span class='ocrx_word' id='word_1_208' title='bbox 1212 2896 1323 2948; x_wconf 82' lang='lat' dir='ltr'><strong>mereor,</strong></span> 
     </span>
    </p>
   </div>
   <div class='ocr_carea' id='block_1_7' title="bbox 214 2958 1436 3027">
    <p class='ocr_par' dir='ltr' id='par_1_7' title="bbox 214 2958 1436 3027">
     <span class='ocr_line' id='line_1_27' title="bbox 214 2958 1436 3027; baseline -0.002 -18"><span class='ocrx_word' id='word_1_209' title='bbox 214 2972 280 3023; x_wconf 86' lang='lat' dir='ltr'><strong>rem,</strong></span> <span class='ocrx_word' id='word_1_210' title='bbox 306 2962 436 3027; x_wconf 80' lang='lat' dir='ltr'><strong>ipsiusque</strong></span> <span class='ocrx_word' id='word_1_211' title='bbox 471 2962 578 3013; x_wconf 71' lang='lat' dir='ltr'><strong>Nature</strong></span> <span class='ocrx_word' id='word_1_212' title='bbox 607 2962 747 3025; x_wconf 86' lang='lat' dir='ltr'><strong>dominum,</strong></span> <span class='ocrx_word' id='word_1_213' title='bbox 789 2960 1018 3025; x_wconf 71' lang='lat' dir='ltr'><strong>quiite-enorum</strong></span> <span class='ocrx_word' id='word_1_214' title='bbox 1037 2958 1135 3009; x_wconf 88' lang='lat' dir='ltr'><strong>animos</strong></span> <span class='ocrx_word' id='word_1_215' title='bbox 1144 2966 1322 3025; x_wconf 76' lang='lat' dir='ltr'><strong>oppresserat,</strong></span> <span class='ocrx_word' id='word_1_216' title='bbox 1431 2998 1436 3007; x_wconf 91' lang='lat'><strong>.</strong></span> 
     </span>
    </p>
   </div>
   <div class='ocr_carea' id='block_1_8' title="bbox 209 3034 1323 4323">
    <p class='ocr_par' dir='ltr' id='par_1_8' title="bbox 209 3034 1323 4323">
     <span class='ocr_line' id='line_1_28' title="bbox 215 3034 1323 3102; baseline 0.002 -17"><span class='ocrx_word' id='word_1_217' title='bbox 215 3036 445 3087; x_wconf 73' lang='lat' dir='ltr'><strong>eoeleuuimtvtrt</strong></span> <span class='ocrx_word' id='word_1_218' title='bbox 455 3036 748 3102; x_wconf 68' lang='lat' dir='ltr'><strong>perfectamimsgtnem</strong></span> <span class='ocrx_word' id='word_1_219' title='bbox 788 3035 935 3085; x_wconf 81' lang='lat' dir='ltr'><strong>vehementi</strong></span> <span class='ocrx_word' id='word_1_220' title='bbox 971 3034 1159 3099; x_wconf 69' lang='lat' dir='ltr'><strong>indignatione,</strong></span> <span class='ocrx_word' id='word_1_221' title='bbox 1199 3042 1323 3101; x_wconf 83' lang='lat' dir='ltr'><strong>tanquam</strong></span> 
     </span>
     <span class='ocr_line' id='line_1_29' title="bbox 215 3110 1321 3177; baseline 0.002 -16"><span class='ocrx_word' id='word_1_222' title='bbox 215 3110 376 3163; x_wconf 80' lang='lat' dir='ltr'><strong>absolvisset.</strong></span> <span class='ocrx_word' id='word_1_223' title='bbox 408 3112 446 3163; x_wconf 77' lang='lat' dir='ltr'><strong>At</strong></span> <span class='ocrx_word' id='word_1_224' title='bbox 457 3114 556 3163; x_wconf 88' lang='lat' dir='ltr'><strong>scelera</strong></span> <span class='ocrx_word' id='word_1_225' title='bbox 565 3112 698 3177; x_wconf 88' lang='lat' dir='ltr'><strong>perpetuis</strong></span> <span class='ocrx_word' id='word_1_226' title='bbox 708 3118 748 3163; x_wconf 87' lang='lat' dir='ltr'><strong>tc·</strong></span> <span class='ocrx_word' id='word_1_227' title='bbox 788 3118 1004 3171; x_wconf 70' lang='lat' dir='ltr'><strong>stmnutamentc,</strong></span> <span class='ocrx_word' id='word_1_228' title='bbox 1033 3111 1216 3161; x_wconf 82' lang='lat' dir='ltr'><strong>discuteretur.</strong></span> <span class='ocrx_word' id='word_1_229' title='bbox 1250 3112 1321 3163; x_wconf 82' lang='lat' dir='ltr'><strong>Nam</strong></span> 
     </span>
     <span class='ocr_line' id='line_1_30' title="bbox 214 3187 1320 3256; baseline 0.002 -20"><span class='ocrx_word' id='word_1_230' title='bbox 214 3187 304 3237; x_wconf 85' lang='lat' dir='ltr'><strong>nebris</strong></span> <span class='ocrx_word' id='word_1_231' title='bbox 320 3188 464 3239; x_wconf 83' lang='lat' dir='ltr'><strong>damnando</strong></span> <span class='ocrx_word' id='word_1_232' title='bbox 474 3189 564 3253; x_wconf 89' lang='lat' dir='ltr'><strong>prodit</strong></span> <span class='ocrx_word' id='word_1_233' title='bbox 582 3196 611 3238; x_wconf 88' lang='lat' dir='ltr'><strong>et</strong></span> <span class='ocrx_word' id='word_1_234' title='bbox 630 3188 747 3253; x_wconf 82' lang='lat' dir='ltr'><strong>exponit,</strong></span> <span class='ocrx_word' id='word_1_235' title='bbox 786 3190 857 3256; x_wconf 85' lang='lat' dir='ltr'><strong>qued</strong></span> <span class='ocrx_word' id='word_1_236' title='bbox 869 3189 938 3240; x_wconf 77' lang='lat' dir='ltr'><strong>eliud</strong></span> <span class='ocrx_word' id='word_1_237' title='bbox 956 3188 1037 3239; x_wconf 83' lang='lat' dir='ltr'><strong>fuisse</strong></span> <span class='ocrx_word' id='word_1_238' title='bbox 1048 3188 1163 3239; x_wconf 82' lang='lat' dir='ltr'><strong>dicemus</strong></span> <span class='ocrx_word' id='word_1_239' title='bbox 1182 3189 1320 3240; x_wconf 71' lang='lat' dir='ltr'><strong>consiliu·</strong></span> 
     </span>
     <span class='ocr_line' id='line_1_31' title="bbox 214 3264 1319 3332; baseline 0.003 -18"><span class='ocrx_word' id='word_1_240' title='bbox 214 3278 246 3314; x_wconf 83' lang='lat' dir='ltr'><strong>sc</strong></span> <span class='ocrx_word' id='word_1_241' title='bbox 257 3264 371 3329; x_wconf 81' lang='lat' dir='ltr'><strong>peuimn</strong></span> <span class='ocrx_word' id='word_1_242' title='bbox 388 3266 506 3329; x_wconf 79' lang='lat' dir='ltr'><strong>exemplo</strong></span> <span class='ocrx_word' id='word_1_243' title='bbox 523 3266 609 3329; x_wconf 78' lang='lat' dir='ltr'><strong>sperit</strong></span> <span class='ocrx_word' id='word_1_244' title='bbox 630 3280 687 3329; x_wconf 76' lang='lat' dir='ltr'><strong>quar</strong></span> <span class='ocrx_word' id='word_1_245' title='bbox 706 3278 746 3315; x_wconf 86' lang='lat' dir='ltr'><strong>re·</strong></span> <span class='ocrx_word' id='word_1_246' title='bbox 786 3268 1007 3319; x_wconf 75' lang='lat' dir='ltr'><strong>ssuctissincrum</strong></span> <span class='ocrx_word' id='word_1_247' title='bbox 1027 3267 1203 3332; x_wconf 82' lang='lat' dir='ltr'><strong>Patrum,qui</strong></span> <span class='ocrx_word' id='word_1_248' title='bbox 1215 3273 1255 3318; x_wconf 89' lang='lat' dir='ltr'><strong>tct</strong></span> <span class='ocrx_word' id='word_1_249' title='bbox 1274 3282 1319 3317; x_wconf 87' lang='lat' dir='ltr'><strong>ne·</strong></span> 
     </span>
     <span class='ocr_line' id='line_1_32' title="bbox 215 3339 1319 3408; baseline 0.004 -19"><span class='ocrx_word' id='word_1_250' title='bbox 215 3339 363 3403; x_wconf 86' lang='lat' dir='ltr'><strong>prehendit.</strong></span> <span class='ocrx_word' id='word_1_251' title='bbox 397 3340 468 3391; x_wconf 81' lang='lat' dir='ltr'><strong>Quin</strong></span> <span class='ocrx_word' id='word_1_252' title='bbox 488 3340 684 3403; x_wconf 83' lang='lat' dir='ltr'><strong>potiusnptinso</strong></span> <span class='ocrx_word' id='word_1_253' title='bbox 701 3354 745 3389; x_wconf 82' lang='lat' dir='ltr'><strong>en·</strong></span> <span class='ocrx_word' id='word_1_254' title='bbox 785 3344 866 3395; x_wconf 79' lang='lat' dir='ltr'><strong>fanda</strong></span> <span class='ocrx_word' id='word_1_255' title='bbox 881 3359 914 3395; x_wconf 87' lang='lat' dir='ltr'><strong>sc</strong></span> <span class='ocrx_word' id='word_1_256' title='bbox 931 3342 1209 3408; x_wconf 80' lang='lat' dir='ltr'><strong>detestandspoiiticre</strong></span> <span class='ocrx_word' id='word_1_257' title='bbox 1221 3342 1319 3393; x_wconf 87' lang='lat' dir='ltr'><strong>theolo-</strong></span> 
     </span>
     <span class='ocr_line' id='line_1_33' title="bbox 215 3414 1319 3486; baseline 0.003 -22"><span class='ocrx_word' id='word_1_258' title='bbox 215 3415 302 3479; x_wconf 84' lang='lat' dir='ltr'><strong>smplc</strong></span> <span class='ocrx_word' id='word_1_259' title='bbox 314 3416 415 3467; x_wconf 79' lang='lat' dir='ltr'><strong>scelere</strong></span> <span class='ocrx_word' id='word_1_260' title='bbox 425 3414 462 3467; x_wconf 91' lang='lat' dir='ltr'><strong>sic</strong></span> <span class='ocrx_word' id='word_1_261' title='bbox 480 3416 659 3480; x_wconf 79' lang='lat' dir='ltr'><strong>reprehendit,</strong></span> <span class='ocrx_word' id='word_1_262' title='bbox 674 3422 746 3468; x_wconf 87' lang='lat' dir='ltr'><strong>ntea</strong></span> <span class='ocrx_word' id='word_1_263' title='bbox 786 3422 838 3486; x_wconf 72' lang='lat' dir='ltr'><strong>pin</strong></span> <span class='ocrx_word' id='word_1_264' title='bbox 854 3419 980 3486; x_wconf 84' lang='lat' dir='ltr'><strong>mysteria</strong></span> <span class='ocrx_word' id='word_1_265' title='bbox 991 3419 1078 3470; x_wconf 80' lang='lat' dir='ltr'><strong>verbis</strong></span> <span class='ocrx_word' id='word_1_266' title='bbox 1089 3420 1169 3470; x_wconf 84' lang='lat' dir='ltr'><strong>etism</strong></span> <span class='ocrx_word' id='word_1_267' title='bbox 1180 3417 1319 3469; x_wconf 75' lang='lat' dir='ltr'><strong>obscenis·</strong></span> 
     </span>
     <span class='ocr_line' id='line_1_34' title="bbox 214 3492 1317 3563; baseline 0.002 -22"><span class='ocrx_word' id='word_1_268' title='bbox 214 3504 352 3541; x_wconf 87' lang='lat' dir='ltr'><strong>nemnnon</strong></span> <span class='ocrx_word' id='word_1_269' title='bbox 371 3498 525 3551; x_wconf 78' lang='lat' dir='ltr'><strong>execretur3</strong></span> <span class='ocrx_word' id='word_1_270' title='bbox 542 3492 581 3541; x_wconf 86' lang='lat' dir='ltr'><strong>sic</strong></span> <span class='ocrx_word' id='word_1_271' title='bbox 603 3493 698 3557; x_wconf 85' lang='lat' dir='ltr'><strong>sperit,</strong></span> <span class='ocrx_word' id='word_1_272' title='bbox 714 3500 745 3543; x_wconf 88' lang='lat' dir='ltr'><strong>nt</strong></span> <span class='ocrx_word' id='word_1_273' title='bbox 785 3498 856 3549; x_wconf 84' lang='lat' dir='ltr'><strong>simis</strong></span> <span class='ocrx_word' id='word_1_274' title='bbox 871 3498 1043 3563; x_wconf 83' lang='lat' dir='ltr'><strong>aperuerunt?</strong></span> <span class='ocrx_word' id='word_1_275' title='bbox 1066 3503 1140 3546; x_wconf 84' lang='lat' dir='ltr'><strong>certo</strong></span> <span class='ocrx_word' id='word_1_276' title='bbox 1160 3510 1211 3545; x_wconf 88' lang='lat' dir='ltr'><strong>non</strong></span> <span class='ocrx_word' id='word_1_277' title='bbox 1233 3494 1317 3543; x_wconf 88' lang='lat' dir='ltr'><strong>minus</strong></span> 
     </span>
     <span class='ocr_line' id='line_1_35' title="bbox 214 3567 1318 3638; baseline 0.004 -23"><span class='ocrx_word' id='word_1_278' title='bbox 214 3567 645 3619; x_wconf 82' lang='lat' dir='ltr'><strong>eanemcnoutenebrisdsmnet.</strong></span> <span class='ocrx_word' id='word_1_279' title='bbox 673 3568 742 3619; x_wconf 81' lang='lat' dir='ltr'><strong>Quid</strong></span> <span class='ocrx_word' id='word_1_280' title='bbox 784 3572 883 3638; x_wconf 86' lang='lat' dir='ltr'><strong>pudeat</strong></span> <span class='ocrx_word' id='word_1_281' title='bbox 903 3573 1000 3635; x_wconf 76' lang='lat' dir='ltr'><strong>legisse</strong></span> <span class='ocrx_word' id='word_1_282' title='bbox 1027 3572 1174 3631; x_wconf 75' lang='lat' dir='ltr'><strong>Naevolun,</strong></span> <span class='ocrx_word' id='word_1_283' title='bbox 1193 3584 1268 3633; x_wconf 82' lang='lat' dir='ltr'><strong>quant</strong></span> <span class='ocrx_word' id='word_1_284' title='bbox 1289 3571 1318 3619; x_wconf 84' lang='lat' dir='ltr'><strong>in</strong></span> 
     </span>
     <span class='ocr_line' id='line_1_36' title="bbox 211 3640 1316 3714; baseline 0.002 -22"><span class='ocrx_word' id='word_1_285' title='bbox 211 3640 328 3693; x_wconf 74' lang='lat' dir='ltr'><strong>feceret?</strong></span> <span class='ocrx_word' id='word_1_286' title='bbox 346 3644 478 3695; x_wconf 74' lang='lat' dir='ltr'><strong>scribebat</strong></span> <span class='ocrx_word' id='word_1_287' title='bbox 497 3644 593 3694; x_wconf 79' lang='lat' dir='ltr'><strong>seculo</strong></span> <span class='ocrx_word' id='word_1_288' title='bbox 612 3644 743 3695; x_wconf 67' lang='lat' dir='ltr'><strong>Castrum</strong></span> <span class='ocrx_word' id='word_1_289' title='bbox 783 3648 877 3714; x_wconf 85' lang='lat' dir='ltr'><strong>qsints</strong></span> <span class='ocrx_word' id='word_1_290' title='bbox 899 3644 1011 3697; x_wconf 77' lang='lat' dir='ltr'><strong>Arunbii</strong></span> <span class='ocrx_word' id='word_1_291' title='bbox 1043 3643 1222 3708; x_wconf 65' lang='lat' dir='ltr'><strong>disputatione</strong></span> <span class='ocrx_word' id='word_1_292' title='bbox 1247 3646 1316 3709; x_wconf 84' lang='lat' dir='ltr'><strong>ithy-</strong></span> 
     </span>
     <span class='ocr_line' id='line_1_37' title="bbox 209 3714 1314 3788; baseline 0.002 -20"><span class='ocrx_word' id='word_1_293' title='bbox 209 3714 744 3784; x_wconf 73' lang='lat' dir='ltr'><strong>flsgitiiscontaminatisrimc,legibusuna</strong></span> <span class='ocrx_word' id='word_1_294' title='bbox 783 3723 927 3788; x_wconf 89' lang='lat' dir='ltr'><strong>phallorum</strong></span> <span class='ocrx_word' id='word_1_295' title='bbox 936 3722 1089 3771; x_wconf 78' lang='lat' dir='ltr'><strong>Greccruru</strong></span> <span class='ocrx_word' id='word_1_296' title='bbox 1099 3719 1234 3782; x_wconf 68' lang='lat' dir='ltr'><strong>originem.</strong></span> <span class='ocrx_word' id='word_1_297' title='bbox 1255 3720 1314 3771; x_wconf 86' lang='lat' dir='ltr'><strong>Ple·</strong></span> 
     </span>
     <span class='ocr_line' id='line_1_38' title="bbox 211 3794 1315 3861; baseline 0.002 -18"><span class='ocrx_word' id='word_1_298' title='bbox 211 3806 271 3843; x_wconf 88' lang='lat' dir='ltr'><strong>cnrn</strong></span> <span class='ocrx_word' id='word_1_299' title='bbox 286 3794 349 3845; x_wconf 81' lang='lat' dir='ltr'><strong>elias</strong></span> <span class='ocrx_word' id='word_1_300' title='bbox 366 3794 563 3857; x_wconf 66' lang='lat' dir='ltr'><strong>magistratuum</strong></span> <span class='ocrx_word' id='word_1_301' title='bbox 577 3809 642 3845; x_wconf 80' lang='lat' dir='ltr'><strong>voce</strong></span> <span class='ocrx_word' id='word_1_302' title='bbox 659 3795 744 3844; x_wconf 81' lang='lat' dir='ltr'><strong>eruni-</strong></span> <span class='ocrx_word' id='word_1_303' title='bbox 783 3811 891 3861; x_wconf 71' lang='lat' dir='ltr'><strong>rumque</strong></span> <span class='ocrx_word' id='word_1_304' title='bbox 902 3804 1062 3860; x_wconf 83' lang='lat' dir='ltr'><strong>sutemqncs</strong></span> <span class='ocrx_word' id='word_1_305' title='bbox 1080 3794 1114 3844; x_wconf 89' lang='lat' dir='ltr'><strong>ab</strong></span> <span class='ocrx_word' id='word_1_306' title='bbox 1136 3794 1214 3844; x_wconf 84' lang='lat' dir='ltr'><strong>rebus</strong></span> <span class='ocrx_word' id='word_1_307' title='bbox 1232 3797 1315 3861; x_wconf 89' lang='lat' dir='ltr'><strong>turpi·</strong></span> 
     </span>
     <span class='ocr_line' id='line_1_39' title="bbox 212 3866 1317 3936; baseline 0.005 -19"><span class='ocrx_word' id='word_1_308' title='bbox 212 3866 261 3931; x_wconf 85' lang='lat' dir='ltr'><strong>dis,</strong></span> <span class='ocrx_word' id='word_1_309' title='bbox 273 3868 391 3921; x_wconf 86' lang='lat' dir='ltr'><strong>Romana</strong></span> <span class='ocrx_word' id='word_1_310' title='bbox 402 3870 447 3920; x_wconf 85' lang='lat' dir='ltr'><strong>illa</strong></span> <span class='ocrx_word' id='word_1_311' title='bbox 457 3870 587 3935; x_wconf 86' lang='lat' dir='ltr'><strong>quondam</strong></span> <span class='ocrx_word' id='word_1_312' title='bbox 595 3870 693 3922; x_wconf 81' lang='lat' dir='ltr'><strong>virtute</strong></span> <span class='ocrx_word' id='word_1_313' title='bbox 703 3886 744 3921; x_wconf 92' lang='lat' dir='ltr'><strong>sc·</strong></span> <span class='ocrx_word' id='word_1_314' title='bbox 784 3873 832 3923; x_wconf 90' lang='lat' dir='ltr'><strong>bus</strong></span> <span class='ocrx_word' id='word_1_315' title='bbox 843 3878 871 3923; x_wconf 89' lang='lat' dir='ltr'><strong>et</strong></span> <span class='ocrx_word' id='word_1_316' title='bbox 891 3870 1025 3936; x_wconf 74' lang='lat' dir='ltr'><strong>flagitiosis</strong></span> <span class='ocrx_word' id='word_1_317' title='bbox 1042 3884 1091 3920; x_wconf 91' lang='lat' dir='ltr'><strong>nec</strong></span> <span class='ocrx_word' id='word_1_318' title='bbox 1102 3870 1209 3935; x_wconf 61' lang='lat' dir='ltr'><strong>premia</strong></span> <span class='ocrx_word' id='word_1_319' title='bbox 1224 3872 1317 3923; x_wconf 81' lang='lat' dir='ltr'><strong>virtuti</strong></span> 
     </span>
     <span class='ocr_line' id='line_1_40' title="bbox 209 3946 1317 4014; baseline 0.007 -21"><span class='ocrx_word' id='word_1_320' title='bbox 209 3954 274 4007; x_wconf 82' lang='lat' dir='ltr'><strong>porc</strong></span> <span class='ocrx_word' id='word_1_321' title='bbox 285 3959 359 4008; x_wconf 74' lang='lat' dir='ltr'><strong>pens</strong></span> <span class='ocrx_word' id='word_1_322' title='bbox 370 3946 445 3996; x_wconf 88' lang='lat' dir='ltr'><strong>letali</strong></span> <span class='ocrx_word' id='word_1_323' title='bbox 457 3953 644 3997; x_wconf 77' lang='lat' dir='ltr'><strong>mercesceute.</strong></span> <span class='ocrx_word' id='word_1_324' title='bbox 673 3947 744 4011; x_wconf 73' lang='lat' dir='ltr'><strong>Ergo</strong></span> <span class='ocrx_word' id='word_1_325' title='bbox 785 3950 870 4014; x_wconf 87' lang='lat' dir='ltr'><strong>posita</strong></span> <span class='ocrx_word' id='word_1_326' title='bbox 879 3949 1054 4010; x_wconf 87' lang='lat' dir='ltr'><strong>redemerant,</strong></span> <span class='ocrx_word' id='word_1_327' title='bbox 1063 3962 1112 3998; x_wconf 91' lang='lat' dir='ltr'><strong>nec</strong></span> <span class='ocrx_word' id='word_1_328' title='bbox 1120 3961 1204 4011; x_wconf 79' lang='lat' dir='ltr'><strong>prenae</strong></span> <span class='ocrx_word' id='word_1_329' title='bbox 1214 3948 1317 4011; x_wconf 73' lang='lat' dir='ltr'><strong>tegibus</strong></span> 
     </span>
     <span class='ocr_line' id='line_1_41' title="bbox 210 4020 1318 4091; baseline 0.007 -22"><span class='ocrx_word' id='word_1_330' title='bbox 210 4020 425 4084; x_wconf 76' lang='lat' dir='ltr'><strong>quemadmodum</strong></span> <span class='ocrx_word' id='word_1_331' title='bbox 436 4022 588 4086; x_wconf 72' lang='lat' dir='ltr'><strong>lethargicis</strong></span> <span class='ocrx_word' id='word_1_332' title='bbox 600 4022 745 4075; x_wconf 82' lang='lat' dir='ltr'><strong>excitandis</strong></span> <span class='ocrx_word' id='word_1_333' title='bbox 785 4026 910 4091; x_wconf 71' lang='lat' dir='ltr'><strong>irrogatus</strong></span> <span class='ocrx_word' id='word_1_334' title='bbox 921 4024 1114 4087; x_wconf 85' lang='lat' dir='ltr'><strong>deterruerant,</strong></span> <span class='ocrx_word' id='word_1_335' title='bbox 1127 4024 1218 4087; x_wconf 74' lang='lat' dir='ltr'><strong>ingens</strong></span> <span class='ocrx_word' id='word_1_336' title='bbox 1228 4025 1318 4077; x_wconf 83' lang='lat' dir='ltr'><strong>detec-</strong></span> 
     </span>
     <span class='ocr_line' id='line_1_42' title="bbox 211 4094 1318 4166; baseline 0.005 -17"><span class='ocrx_word' id='word_1_337' title='bbox 211 4094 299 4160; x_wconf 80' lang='lat' dir='ltr'><strong>p&#39;tcern</strong></span> <span class='ocrx_word' id='word_1_338' title='bbox 316 4098 431 4162; x_wconf 85' lang='lat' dir='ltr'><strong>crudam,</strong></span> <span class='ocrx_word' id='word_1_339' title='bbox 448 4099 531 4149; x_wconf 88' lang='lat' dir='ltr'><strong>lanam</strong></span> <span class='ocrx_word' id='word_1_340' title='bbox 543 4098 684 4161; x_wconf 87' lang='lat' dir='ltr'><strong>succidam,</strong></span> <span class='ocrx_word' id='word_1_341' title='bbox 701 4114 744 4149; x_wconf 85' lang='lat' dir='ltr'><strong>ce·</strong></span> <span class='ocrx_word' id='word_1_342' title='bbox 785 4110 820 4153; x_wconf 83' lang='lat' dir='ltr'><strong>tae</strong></span> <span class='ocrx_word' id='word_1_343' title='bbox 832 4101 1002 4166; x_wconf 85' lang='lat' dir='ltr'><strong>turpitudinis</strong></span> <span class='ocrx_word' id='word_1_344' title='bbox 1021 4102 1105 4165; x_wconf 83' lang='lat' dir='ltr'><strong>pudor</strong></span> <span class='ocrx_word' id='word_1_345' title='bbox 1123 4103 1272 4163; x_wconf 78' lang='lat' dir='ltr'><strong>resccsrit3</strong></span> <span class='ocrx_word' id='word_1_346' title='bbox 1289 4108 1318 4155; x_wconf 84' lang='lat' dir='ltr'><strong>et</strong></span> 
     </span>
     <span class='ocr_line' id='line_1_43' title="bbox 210 4174 1316 4245; baseline 0.005 -21"><span class='ocrx_word' id='word_1_347' title='bbox 210 4185 267 4237; x_wconf 82' lang='lat' dir='ltr'><strong>prs,</strong></span> <span class='ocrx_word' id='word_1_348' title='bbox 285 4174 432 4238; x_wconf 67' lang='lat' dir='ltr'><strong>galbanum,</strong></span> <span class='ocrx_word' id='word_1_349' title='bbox 445 4182 474 4225; x_wconf 91' lang='lat' dir='ltr'><strong>et</strong></span> <span class='ocrx_word' id='word_1_350' title='bbox 484 4176 578 4225; x_wconf 85' lang='lat' dir='ltr'><strong>similis</strong></span> <span class='ocrx_word' id='word_1_351' title='bbox 589 4180 671 4225; x_wconf 85' lang='lat' dir='ltr'><strong>tetros</strong></span> <span class='ocrx_word' id='word_1_352' title='bbox 683 4175 744 4226; x_wconf 87' lang='lat' dir='ltr'><strong>cdo·</strong></span> <span class='ocrx_word' id='word_1_353' title='bbox 784 4180 923 4231; x_wconf 75' lang='lat' dir='ltr'><strong>Perrarnn</strong></span> <span class='ocrx_word' id='word_1_354' title='bbox 943 4177 1108 4230; x_wconf 84' lang='lat' dir='ltr'><strong>fredissimatu</strong></span> <span class='ocrx_word' id='word_1_355' title='bbox 1129 4177 1223 4243; x_wconf 72' lang='lat' dir='ltr'><strong>fugam,</strong></span> <span class='ocrx_word' id='word_1_356' title='bbox 1239 4190 1316 4245; x_wconf 85' lang='lat' dir='ltr'><strong>quam</strong></span> 
     </span>
     <span class='ocr_line' id='line_1_44' title="bbox 210 4250 1316 4323; baseline 0.008 -24"><span class='ocrx_word' id='word_1_357' title='bbox 210 4250 397 4307; x_wconf 74' lang='lat' dir='ltr'><strong>recrementia</strong></span> <span class='ocrx_word' id='word_1_358' title='bbox 413 4251 561 4317; x_wconf 89' lang='lat' dir='ltr'><strong>incendere,</strong></span> <span class='ocrx_word' id='word_1_359' title='bbox 580 4252 745 4317; x_wconf 78' lang='lat' dir='ltr'><strong>crocotisque</strong></span> <span class='ocrx_word' id='word_1_360' title='bbox 786 4254 1316 4323; x_wconf 78' lang='lat' dir='ltr'><strong>necdiscipliuemiliterisrncraraentnm,</strong></span> 
     </span>
    </p>
   </div>
   <div class='ocr_carea' id='block_1_9' title="bbox 0 0 1596 4917">
    <p class='ocr_par' dir='ltr' id='par_1_9' title="bbox 0 0 1596 4917">
     <span class='ocr_line' id='line_1_45' title="bbox 0 0 1596 4917; baseline 0 7"><span class='ocrx_word' id='word_1_361' title='bbox 0 0 1596 4917; x_wconf 95' lang='lat' dir='ltr'><strong> </strong></span> 
     </span>
    </p>
   </div>
  </div>
 </body>
</html>
