3184 4917
632 438 853 491 severianis.
1246 427 1301 495 u'

100 594 105 600 '
189 585 234 651 eb
257 602 299 647 eo
318 580 462 665 nonduin
484 578 583 658 edite,
607 586 645 645 nt
669 600 711 645 ne
740 580 875 665 quidem
898 580 1088 651 Amicorum
1115 585 1290 651 auditoriis

189 683 356 757 recitando
369 682 559 747 crederetur.
603 680 660 747 sic
675 686 762 749 enim
784 684 953 769 subjungit
965 682 1105 753 Auctor:
1129 684 1175 751 Et
1188 697 1290 751 tamen

191 783 247 849 dia
272 806 309 849 ue
333 781 451 847 modico
478 780 601 868 quidem
636 782 807 850 Auditorio
843 785 1010 872 quicquam
1038 787 1222 853 committere
1248 798 1292 853 ert

192 906 295 949 ausus.
354 885 395 951 Id
418 884 508 971 quud
530 874 630 952 etium
654 887 767 969 primis
790 886 898 969 primu
928 884 1040 951 Satira
1061 890 1172 953 verbis
1207 892 1292 955 seu‘s

192 990 302 1071 aperte
327 984 491 1069 significet
509 985 583 1068 ipse
605 984 789 1051 Iuvenalis.
834 987 909 1052 Nec
931 990 1019 1053 enim
1045 990 1112 1054 ulio
1140 996 1291 1075 spectare

190 1062 344 1151 tusum
375 1086 445 1163 tua,
466 1086 500 1150 in
527 1086 649 1169 quous
676 1088 831 1170 queritur,
852 1089 978 1179 tamam
997 1110 1034 1154 a
1068 1091 1171 1157 tuso
1202 1090 1294 1155 ros.

190 1192 297 1251 terum
310 1186 514 1251 recitantium
528 1182 709 1263 auditorem,
733 1206 864 1272 semper
884 1187 1030 1253 clamasse
1045 1188 1210 1256 Frorttouir
1219 1188 1293 1277 pta·

189 1296 292 1365 tenor,
315 1292 348 1351 et
362 1285 507 1351 courulm
523 1308 690 1367 umrorora,
713 1298 878 1375 ruptaeque
901 1291 1022 1356 arndeo
1047 1292 1157 1357 tectore
1178 1290 1293 1357 coium·

191 1408 269 1452 nas.-
292 1407 367 1453 curn
380 1388 453 1471 ipse
466 1388 595 1453 scilicet
608 1388 752 1455 nondum
776 1392 811 1455 in
834 1410 877 1456 eo
890 1395 1007 1477 scripti
1020 1415 1137 1478 genere
1151 1394 1291 1461 aliorum

191 1489 382 1571 patientium
398 1490 612 1553 exercuisset.
656 1488 741 1553 Tum
766 1490 861 1573 louge
885 1494 1019 1561 uberent
1039 1496 1098 1560 ille
1120 1515 1142 1559 u
1163 1492 1293 1559 Ponitis

191 1591 243 1658 ire
257 1588 469 1667 concitanda,
483 1589 513 1653 si
527 1588 581 1653 vel
594 1590 773 1671 superstite
783 1588 906 1655 Paride
915 1592 1051 1659 tuissent
1064 1598 1202 1679 scriptu,
1216 1616 1291 1661 eum

190 1692 319 1755 inituro
332 1710 396 1755 non
411 1696 555 1772 possent,
578 1708 654 1753 cum
673 1690 821 1757 nondum
836 1704 1043 1759 emanassent
1063 1696 1097 1757 iu
1121 1694 1290 1778 patticam.

193 1791 268 1869 Nec
283 1797 394 1857 temtm
406 1791 585 1855 verisimile
603 1796 655 1855 est
677 1802 752 1855 aute
765 1790 875 1857 eedem
892 1790 1025 1857 Paridis
1038 1797 1091 1860 vel
1107 1796 1199 1860 illum
1212 1816 1291 1878 pau-

193 1912 449 1957 commeatuum
468 1889 607 1955 Satiram
622 1894 799 1978 scripsisse
812 1894 1020 1963 Juvenetem.
1056 1895 1161 1974 Nihil,
1176 1897 1293 1974 ieteor,

191 1994 436 2078 descriptionis
451 2002 583 2075 tempore
598 2001 788 2060 accuratum
801 1996 945 2076 tradidit,
965 2018 1065 2081 quem
1083 2000 1218 2063 unicum
1234 1998 1293 2062 he·

190 2096 310 2160 bemus
334 2094 376 2159 de
401 2094 824 2175 uentosissimum
847 2095 976 2161 Auctor
997 2098 1205 2183 Anonymns.
1250 2098 1292 2163 lu

190 2195 443 2272 munientem,
463 2204 531 2278 port
546 2192 678 2259 mediam
692 2206 812 2264 etatem
835 2198 879 2261 sd
900 2198 960 2261 itta
972 2197 1169 2262 Iuvenalem
1183 2198 1295 2263 studio

192 2296 381 2363 deflexisse.
425 2296 493 2359 Sed
506 2296 586 2361 mnu
600 2296 699 2379 plane
722 2294 764 2361 de
787 2295 908 2361 studiis
929 2297 1001 2381 ejus
1025 2298 1166 2381 potitiois
1180 2296 1291 2364 Potite

192 2397 370 2465 numus.
385 2396 465 2482 (Ep.
481 2412 549 2461 vrr.
562 2392 634 2479 24.)
656 2394 694 2459 Is
708 2402 864 2466 tamense
874 2398 923 2462 itu
932 2397 1088 2462 iuvenali
1097 2397 1294 2463 familiarem

191 2498 296 2564 inisse
311 2498 479 2581 glorietur,
501 2503 539 2561 nt
552 2516 617 2561 uon
630 2496 739 2579 megis
754 2495 877 2581 Pyladi
891 2498 1019 2563 amicus
1031 2498 1130 2564 tuerit
1148 2497 1294 2577 Orestes,

194 2600 415 2665 ent'l'heseus
429 2598 590 2675 Pirithoo,
611 2616 654 2661 ue
679 2598 734 2663 vel
757 2616 879 2664 arcens
891 2596 1068 2664 Jnrenuiis
1080 2598 1190 2663 studio
1204 2598 1295 2665 Mur-

192 2702 304 2767 uatem
330 2702 469 2767 latuisse
498 2701 714 2781 suspicemur.
759 2697 834 2764 Imo
866 2718 888 2763 a
913 2701 1052 2765 mortuis
1076 2699 1132 2764 ille
1152 2698 1242 2783 (Set.
1268 2716 1296 2764 r.

193 2800 298 2886 extr.)
310 2800 484 2887 prudenter
498 2800 727 2865 obsuneudum
741 2818 817 2865 esse
830 2807 953 2865 censet.
997 2799 1141 2865 Tantum
1152 2802 1249 2863 abest
1258 2807 1296 2865 ut

191 2904 296 2967 vivum
310 2900 459 2965 Paridem
473 2903 526 2966 vel
539 2903 574 2966 in
584 2901 691 2985 primo
705 2902 765 2965 illu
779 2900 889 2965 Satira
901 2902 1073 2965 laceraret.
1115 2900 1293 2966 Iuniorem

191 3023 272 3087 ergo
289 3004 473 3071 Ascurum
485 3004 551 3069 ista
565 3006 640 3067 sunt
660 3000 886 3067 tunormmodo
900 2998 1079 3076 ratiocinio,
1100 3018 1172 3069 non,
1183 3006 1294 3067 eutem

188 3110 367 3173 erotemm
380 3106 649 3170 monimentorum
671 3120 790 3167 cooeva
812 3100 878 3167 tide
901 3101 1074 3183 depromta
1095 3101 1293 3167 testimonie

194 3206 282 3271 Cum
298 3226 377 3270 vero
395 3225 491 3291 genus
505 3204 663 3288 scripture
683 3190 869 3267 industriose
894 3202 1052 3280 excoleret,
1073 3208 1143 3267 tum
1166 3206 1200 3267 et
1222 3200 1296 3266 reli·

194 3326 290 3393 quum
304 3303 483 3371 Satirarum
498 3326 606 3389 corpus
621 3306 767 3390 scripsit,
790 3307 890 3389 inque
912 3306 1015 3382 illurn,
1038 3324 1139 3387 quum
1158 3304 1296 3369 retinent

191 3408 373 3491 hodieque,
395 3406 534 3499 formem
548 3404 683 3488 redegit,
706 3411 740 3471 et
754 3424 789 3469 ea
806 3424 934 3489 quoque,
956 3426 1022 3489 qne
1039 3403 1144 3487 primo
1157 3401 1296 3489 fecerat,

196 3508 284 3573 uouit
308 3506 431 3593 seriptis
452 3504 622 3593 itrfercioit.
666 3506 752 3577 Sunt
767 3508 856 3571 enim
878 3506 939 3573 itta
956 3502 1112 3570 Auctoris
1127 3502 1296 3587 Anonymi

194 3608 311 3675 verbe:
347 3606 427 3671 Mos
448 3628 562 3694 mugitu
575 3604 761 3691 frequentia
776 3624 947 3690 magnoque
960 3624 1095 3669 ruerem
1119 3602 1165 3665 tris
1188 3624 1225 3665 ao
1250 3612 1297 3665 ter

194 3709 319 3775 nuditus
334 3720 388 3789 eet,
411 3720 446 3773 ut
460 3732 496 3775 ea
511 3728 638 3794 quoque,
661 3728 727 3793 qua
741 3706 844 3791 prima
858 3702 995 3789 fecerat,
1023 3700 1184 3785 inferciret
1209 3704 1297 3768 aooie

193 3812 327 3897 scriptis.
373 3812 552 3889 Recitavit,
567 3810 601 3875 ni
614 3809 720 3887 telier,
736 3810 860 3885 omnia,
879 3806 1054 3889 emisitque
1066 3806 1102 3867 in
1114 3804 1295 3887 publicum,

195 3932 281 3981 ormo
296 3930 432 3977 exvrn.
446 3918 624 3996 postquem
639 3908 781 3995 Remum
805 3908 947 3973 rerismt
966 3904 1174 3982 uouemus,
1198 3910 1297 3987 quem

180 4015 452 4097 ¹itlePrincipem
466 4032 489 4077 u
501 4012 659 4079 benevolo
674 4010 747 4093 ejus
770 4011 805 4075 iu
827 4009 901 4073 hmo
922 4005 1031 4076 studio
1049 4008 1161 4071 auimo
1176 4008 1211 4069 iu
1224 4006 1291 4073 hec

195 4119 274 4199 ipse
287 4116 400 4181 Setire
411 4118 494 4193 (vu.
510 4116 553 4192 l.)
577 4115 612 4179 in
633 4132 703 4196 que
716 4116 890 4177 occurrunt
902 4110 1007 4176 verbe
1019 4108 1080 4175 ille
1098 4107 1140 4173 de
1162 4106 1296 4185 Poride,

195 4216 415 4293 commendet.
458 4214 552 4293 Inde,
573 4214 607 4279 ni
620 4212 726 4293 tatu,
749 4213 877 4279 animos
891 4210 1011 4276 sumsit
1032 4208 1159 4297 scripte
1181 4224 1243 4273 sse
1261 4210 1296 4275 in
