3184 4917
827 408 872 472 44

513 708 571 815 1').
591 739 735 815 suun
755 710 1047 816 Juvu'Nuus
1066 734 1191 810 vrrs

380 894 453 947 PER
469 896 592 949 ANNOE
608 897 875 949 Pbossstumus
892 890 1136 947 commosis
1153 887 1320 941 munus.

423 1231 467 1299 A.
483 1234 527 1300 U.
543 1236 583 1301 C.
599 1236 697 1303 Varr.
711 1238 787 1303 795.
831 1236 953 1301 Christi
966 1237 1021 1301 42.
1064 1234 1237 1300 Iuvenalis
1250 1235 1282 1298 1.

306 1382 563 1450 Psoussrurus
592 1392 655 1464 est,
677 1387 874 1454 iuvenalem
894 1407 962 1452 non
986 1394 1072 1465 unte,
1109 1404 1208 1469 quum
1221 1400 1297 1447 eum
1326 1385 1402 1464 post

304 1486 390 1551 bunc
405 1504 525 1551 sunum
540 1488 574 1551 iu
587 1488 695 1553 lucem
713 1489 836 1554 editum
850 1510 938 1555 esse.
982 1489 1125 1554 Setirum
1139 1485 1226 1549 enim
1239 1483 1401 1549 decimam

303 1588 434 1653 tertiam
448 1589 541 1653 annis
559 1604 637 1653 uxr.
651 1594 729 1674 pust
746 1590 952 1655 consulatum
969 1586 1102 1665 Fonteii,
1118 1586 1277 1668 adeoque,
1299 1584 1330 1648 si
1343 1583 1403 1647 ille

305 1685 345 1752 C.
359 1686 514 1755 Fuuteius
527 1689 648 1774 Capito
657 1698 718 1769 est,
733 1692 790 1773 qui
802 1710 833 1755 a.
847 1690 891 1755 U.
904 1712 934 1755 ο.
945 1692 1022 1756 819.
1036 1690 1151 1754 consul
1169 1688 1242 1763 suit,
1265 1684 1347 1768 (nou
1361 1684 1402 1747 1.

307 1786 463 1855 Fonteius
478 1790 601 1876 Capito
622 1810 693 1856 cos.
707 1812 738 1855 a.
752 1792 796 1854 U.
812 1810 841 1854 c.
856 1791 951 1875 899.)
970 1812 1002 1855 a.
1017 1788 1061 1853 U.
1075 1807 1106 1852 c.
1120 1787 1207 1862 878,
1221 1784 1405 1865 eodemque

306 1909 405 1967 auno,
421 1892 473 1956 vel
491 1894 604 1974 potius
618 1895 785 1975 sequente,
801 1892 937 1954 sutirum
951 1906 1016 1953 xv.
1032 1888 1184 1971 scripsit3
1207 1883 1257 1969 (v.
1271 1885 1315 1948 sd
1329 1884 1403 1949 Sat.

306 1992 602 2057 x111.16.17.xv.
617 1991 840 2057 werinbert
855 2011 886 2054 a.
900 1991 943 2055 U.
959 2010 988 2055 c.
1002 1987 1095 2074 874.)
1107 1991 1142 2053 in
1153 1988 1403 2072 AEgyptumeu

304 2098 379 2167 tem,
391 2110 466 2157 cum
479 2093 709 2176 octogenarius
723 2097 822 2169 esset,
834 2093 959 2156 missus
972 2097 1032 2168 est,
1049 2091 1161 2174 ibique
1173 2090 1263 2152 iutra
1274 2088 1400 2153 brevis-

307 2192 426 2255 simum
435 2197 567 2277 tempus
581 2210 702 2275 augore
716 2198 750 2257 et
757 2192 860 2258 taedio
870 2193 977 2276 periit,
987 2193 1018 2256 si
1031 2191 1115 2255 fides
1125 2188 1276 2255 bebeude
1283 2188 1404 2253 Sueto·

306 2292 367 2355 nio'
373 2310 381 2353 τ
403 2312 480 2357 nam
496 2295 544 2357 ite
562 2292 733 2358 brevitatis
745 2311 849 2357 causa
856 2292 1018 2358 incertum
1025 2291 1119 2358 vite
1133 2310 1235 2374 supra
1248 2292 1406 2372 ascriptus

307 2398 476 2459 auctorem
503 2393 670 2477 appellare
697 2393 809 2458 libeat.
856 2394 905 2460 At
930 2395 991 2459 vix
1020 2391 1232 2470 credidissem,
1260 2390 1406 2475 potitum,

307 2493 476 2575 octoginta
491 2494 562 2577 jam
577 2512 682 2558 annus
695 2498 819 2573 natum,
834 2494 944 2559 satiris
967 2492 1075 2559 sdbue
1096 2492 1308 2558 uoudeiendis
1327 2510 1406 2577 ope·

307 2612 376 2658 rem
389 2594 535 2672 dedisse,
549 2594 670 2659 nedum
683 2596 718 2659 in
737 2594 897 2679 AEgypto‚
918 2596 978 2658 ubi
999 2594 1190 2677 aegritudine
1211 2600 1246 2659 et
1266 2612 1406 2660 moerore

169 2772 172 2778 Ι
307 2694 355 2758 its
368 2692 511 2759 afflictus
525 2700 587 2772 est,
607 2701 645 2761 ut
659 2696 760 2779 paulo
782 2701 863 2779 post
884 2694 1063 2761 adveutum
1083 2714 1105 2759 e
1122 2696 1192 2759 vitu
1212 2694 1406 2761 discederet.

308 2793 395 2874 Quae
410 2796 444 2859 in
459 2798 656 2862 contrariam
679 2802 808 2881 partem
821 2796 997 2877 laudentur
1009 2797 1111 2861 verbs
1125 2796 1235 2879 podtae
1255 2795 1325 2859 Sat.
1341 2812 1405 2861 xv.

306 2898 360 2961 45.
376 2896 420 2961 ad
433 2899 545 2983 priora
558 2918 689 2984 quoque
701 2900 781 2964 vites
794 2900 866 2985 ejus
880 2904 1029 2984 tempora
1041 2896 1160 2962 referre
1178 2896 1268 2961 lieet.
1312 2892 1408 2973 Quo-

308 2998 377 3081 qiru
391 3006 500 3063 autem
512 2999 612 3070 modo
626 3018 663 3065 se
683 3020 737 3065 res
759 3000 888 3080 hebeat,
906 3020 984 3084 qure
1006 2998 1155 3084 protecto
1180 2999 1224 3062 ud
1244 2996 1407 3081 liquidum

309 3096 447 3179 perduci
459 3100 648 3182 neutiquam
663 3107 783 3184 potest,
806 3102 1024 3166 nonmultum
1045 3104 1131 3162 uerte
1143 3116 1256 3161 utero
1276 3098 1408 3161 uberru-

310 3194 429 3275 uiuus,
446 3198 475 3261 si
489 3198 633 3263 natalem
643 3198 818 3263 Juvendis
832 3200 866 3263 in
881 3217 1001 3263 susum
1014 3196 1061 3261 U.
1073 3196 1186 3262 em.
1201 3196 1407 3262 conferimus.

310 3294 359 3381 (v.
374 3297 432 3361 ins.
448 3297 491 3361 ad
506 3318 538 3363 a.
551 3296 596 3362 U.
607 3317 638 3363 c.
661 3295 755 3382 874.)

353 3396 481 3462 Eodem
496 3418 583 3463 anno
601 3396 846 3479 Quintilianum,
870 3400 1095 3466 clarissimum
1106 3399 1278 3477 rhotum
1300 3396 1349 3483 (v.
1364 3400 1409 3465 sd

308 3497 430 3563 Satvr.
443 3501 498 3564 75.
512 3498 862 3584 autumaverimus
872 3520 950 3565 vero
964 3520 995 3564 a.
1011 3500 1052 3565 U.
1064 3520 1094 3565 c.
1107 3500 1186 3565 791.
1214 3499 1337 3565 Christi
1350 3501 1407 3567 88.

311 3600 424 3667 netum
448 3620 536 3679 esse,
568 3602 803 3687 suspicabatur
831 3602 1025 3668 Dodwellus
1053 3604 1090 3666 iu
1118 3600 1237 3665 Annei.
1267 3599 1409 3680 Quintil.

313 3700 486 3783 Regnabat
496 3708 573 3766 tunc
588 3704 744 3787 temporis
758 3701 820 3789 (ab
834 3722 864 3767 a.
877 3702 921 3767 U.
932 3704 1132 3770 uitii-807.
1145 3702 1267 3767 Christi
1281 3701 1410 3787 ulus)

310 3802 388 3866 Tib.
403 3798 712 3884 ClaudimDrusus3
738 3809 815 3868 ante
828 3823 926 3888 quem
938 3804 1001 3890 (ab
1016 3825 1048 3869 a.
1059 3804 1103 3870 U·
1114 3826 1144 3870 c.
1157 3806 1314 3871 799-794.
1329 3803 1409 3869 Chr.

311 3899 440 3985 37-41.)
461 3903 634 3985 imperium
655 3908 802 3969 tenuerat
823 3902 863 3967 C.
878 3904 996 3970 Caesur
1013 3902 1176 3991 Caligula,
1197 3906 1256 3988 qui
1276 3924 1308 3969 u.
1321 3905 1409 3969 Uc.

311 4003 386 4068 791.
401 4002 478 4067 Chr.
493 4003 547 4067 38.
561 4010 700 4087 accepto
718 4025 740 4070 s
761 3996 920 4071 demnis
939 4025 1047 4072 uxore
1069 4006 1190 4090 pbiitro
1213 4008 1248 4071 in
1269 4006 1410 4070 furorem

314 4104 484 4187 conjectus
505 4108 587 4181 eret,
607 4104 821 4190 (0181171.
841 4106 908 4172 615
920 4105 987 4191 sq.)
1007 4114 1040 4171 et
1058 4126 1090 4171 s.
1102 4105 1146 4170 U.
1159 4128 1191 4171 c.
1204 4107 1280 4171 798.
1323 4105 1411 4188 Lug·

313 4204 393 4269 duni
406 4206 589 4271 instituerat
603 4210 764 4273 ouumen
786 4208 917 4275 Groecae
943 4210 1140 4292 latiumque
1160 4204 1338 4285 facundie,
1360 4204 1410 4291 (v.
