3184 4917
520 474 657 537 cassu,
682 476 729 525 nr
750 476 999 529 aurursus·
1219 434 1293 532 ror'

174 615 211 682 in
226 616 436 701 tranquillum
455 616 589 701 quidem
613 618 822 701 redigebatur
843 619 1030 703 frugalitate
1047 616 1230 705 Vespasiani
1250 630 1286 689 et

174 720 371 789 liberalitate
397 716 474 798 Titi,
497 723 619 785 amoris
642 726 740 805 atque
765 722 959 787 deliciarum
979 725 1106 805 generis
1128 726 1287 807 humani;

175 821 236 887 sed
249 841 330 885 mox
344 822 485 887 avaritia
499 828 537 887 et
554 819 746 889 crudelitate
762 822 943 887 Domitiani
955 827 1071 889 itemm
1086 827 1290 909 profligatis:

177 929 242 1001 tur,
267 942 376 1007 neque
401 923 485 988 serre
506 930 635 1009 poterat
661 925 918 991 munificentiam
945 934 978 992 et
1004 929 1285 995 mansuetudinem

180 1020 302 1103 Ner-oe,
317 1044 392 1107 quae
416 1029 593 1091 contemtui
616 1028 830 1093 habebantur.
873 1029 977 1095 Nova
994 1030 1026 1093 ei
1049 1031 1110 1094 lux
1133 1031 1290 1114 affulgere·

176 1127 281 1209 coepit
294 1126 370 1190 inde
385 1128 428 1191 ab
443 1146 475 1192 a
487 1126 531 1191 U.
541 1149 571 1193 c.
586 1129 661 1193 850.
677 1129 886 1209 regnantibus
903 1127 1039 1217 Trojano
1052 1137 1086 1195 et
1098 1126 1284 1195 Hadriano.

178 1226 241 1293 Ille
254 1228 437 1293 libertatem
450 1248 491 1292 ac
505 1230 655 1307 salutem,
670 1231 876 1295 securitatem
890 1236 992 1315 atque
1006 1232 1111 1297 otium
1121 1232 1291 1296 universis

177 1333 212 1391 et
240 1328 377 1409 singrrln
405 1328 573 1407 reddebat,
596 1336 629 1395 ct
657 1331 834 1414 imperium
855 1336 923 1395 tam
946 1333 1030 1397 bene
1051 1339 1085 1398 et
1111 1332 1287 1399 clementer

178 1429 437 1508 administrabat,
462 1434 498 1493 ut
526 1440 659 1496 senatus
682 1432 815 1497 decreto
839 1438 872 1497 et
891 1435 1115 1499 consentiente
1137 1435 1290 1500 omnium

177 1549 262 1594 voce
279 1526 421 1613 Optimus
436 1532 673 1615 appellaretur.
695 1534 750 1597 bic
774 1534 905 1615 legibus
929 1536 1095 1601 civitatem
1111 1535 1284 1613 condebat,

177 1632 368 1715 provincias
392 1638 425 1697 et
444 1634 591 1697 literatos
612 1632 811 1697 liberalitate
836 1636 1042 1713 sublevabat,
1061 1636 1201 1721 judicia,
1215 1658 1285 1700 rem

177 1732 350 1821 militarem
378 1734 652 1818 disciplinamque
680 1734 932 1817 diligentissime
960 1738 1190 1801 constituebat.
1245 1737 1316 1813 In,

178 1835 237 1899 illo
251 1838 432 1919 temporum
445 1836 617 1920 rerumque
630 1842 728 1915 statu,
738 1844 814 1902 ante
824 1836 1066 1921 Vespasianum
1076 1843 1111 1902 ct
1125 1836 1290 1922 Nervam,

179 1936 239 2000 uix
252 1937 368 2000 umbra
381 1937 435 2001 vcl
447 1936 656 2019 frugalitatis,
671 1938 822 2021 pudoris,
831 1936 1064 2020 magnitudinis
1078 1938 1189 2017 animi,
1203 1939 1289 2004 alia

179 2057 316 2120 rumque
329 2040 483 2103 virtutum
496 2038 715 2121 pristinarum,
730 2039 852 2121 quibus
866 2058 927 2103 uec
941 2040 1045 2103 bonor
1060 2059 1122 2105 noc
1144 2042 1291 2124 pretium

179 2145 252 2203 erat
280 2140 393 2216 ullum,
422 2142 476 2204 vel
510 2146 618 2204 motus
645 2140 765 2222 legum,
790 2141 962 2219 libertatis,
989 2146 1089 2225 atque
1118 2142 1287 2223 religionis

179 2242 433 2324 relinquebatur,
448 2246 481 2306 et
492 2242 648 2323 vigebant
661 2240 771 2304 omnia
784 2242 937 2305 vitiorum
950 2259 1081 2323 genera,
1095 2260 1157 2305 nec
1176 2241 1291 2306 mintrs'

179 2348 338 2427 prorupta
351 2344 493 2409 audacia
515 2342 730 2424 Deorumque
752 2346 948 2420 contemtus,
963 2362 1063 2425 quam
1085 2345 1205 2408 servile
1226 2348 1286 2410 ob·

179 2446 333 2529 sequium
346 2452 379 2510 et
395 2446 493 2511 anilis
509 2445 709 2529 superstitio.
751 2444 907 2510 Honores
920 2463 986 2511 uon
999 2444 1177 2510 virtutibus
1189 2448 1286 2511 meri·

178 2548 289 2629 tisque
308 2548 479 2630 patebant,
503 2546 563 2609 sed
584 2546 638 2610 vel
659 2546 786 2611 divitiis
807 2553 841 2611 ct
861 2547 1038 2624 nobilitati,
1058 2549 1111 2612 vel
1130 2548 1288 2611 sordibus

180 2648 374 2731 artibusque
388 2649 578 2713 inhonestis.
622 2646 656 2712 A
678 2648 800 2715 studiis
819 2650 1038 2714 severioribus
1053 2648 1152 2731 plane
1166 2649 1286 2711 abbor-

178 2750 473 2814 rebantbominurn
493 2750 640 2833 ingenia3
666 2770 742 2815 cum
766 2750 898 2815 luxuria
923 2756 1020 2833 atque
1040 2750 1196 2815 libidines
1219 2752 1289 2811 non'

179 2854 327 2935 corporis
341 2857 480 2928 tantumn,
495 2852 554 2927 sed
577 2852 679 2917 animi
700 2855 804 2917 etiam
824 2854 911 2916 vires
933 2854 1144 2934 vigoremque
1157 2853 1290 2916 omnem·

177 2954 413 3035 extinguerent.
457 2952 526 3031 Qui
540 2952 810 3037 pbilosophorum
823 2971 940 3015 nomen
961 2958 995 3016 et
1015 2970 1136 3015 manus
1150 2950 1286 3034 profite-

177 3055 308 3131 bantur,
320 3056 349 3118 si
364 3055 524 3120 Senecam
535 3061 569 3119 et
584 3052 775 3131 Comutum,
786 3052 930 3132 Stoicos,
943 3054 1094 3137 aliosque
1108 3052 1293 3118 admodum'

179 3173 308 3238 paucos
323 3158 507 3240 exceperis,
524 3156 579 3221 vel
600 3156 802 3240 voluptatum
824 3156 986 3220 illecebris
1007 3156 1099 3240 capti
1121 3154 1287 3240 Aristippi

178 3261 214 3323 et
229 3254 436 3340 Epicuri,ch
449 3257 640 3342 disputandi
652 3262 779 3321 tantum
793 3256 975 3341 cupiditate
989 3257 1080 3322 ducti
1092 3255 1286 3323 Academiae

180 3356 389 3443 disciplinam
412 3359 632 3435 sectabantur,
653 3358 705 3422 vel
727 3358 802 3421 sola
821 3376 919 3423 vauae
941 3358 1166 3422 ostentationis
1182 3376 1289 3421 causa

181 3454 369 3525 Stoicorum
391 3465 561 3543 praecepta
575 3465 608 3523 et
621 3460 825 3542 gravitatem,
840 3476 907 3521 non
922 3458 992 3523 vita
1005 3464 1038 3522 et
1050 3458 1210 3535 moribus,
1226 3456 1291 3521 scd

179 3560 302 3637 verbis,
318 3561 433 3639 barba,
456 3561 645 3644 supercilio,
659 3560 835 3637 restituet
854 3560 962 3623 uetus
983 3560 1162 3640 asperitate
1175 3557 1290 3639 orpris

180 3662 324 3737 mebant,
339 3662 393 3727 vel
410 3661 553 3744 denique
570 3660 650 3725 nulli
672 3665 774 3725 sectae
800 3658 936 3735 addicti,
954 3676 1056 3742 apum
1075 3658 1208 3733 instar,
1208 3676 1286 3739 quaa

180 3762 368 3838 arriderent,
395 3760 541 3847 undique
567 3760 766 3825 delibabant.
811 3758 1018 3841 Eloquentia,
1043 3758 1196 3823 libertate
1219 3757 1288 3841 pri·

179 3882 270 3927 mum
285 3870 319 3927 ct
332 3864 451 3928 deinde
467 3865 608 3929 comitiis
619 3862 735 3947 populi
750 3880 771 3925 a
784 3860 920 3925 Tiberio
933 3860 1071 3923 sublatis
1084 3859 1293 3943 mutatisque
1315 3853 1320 3861 ’

179 3966 327 4031 moribus
342 3984 383 4029 ac
398 3966 526 4045 studiis,
541 3984 564 4029 a
584 3964 705 4029 lumine
726 3961 858 4038 sorensi,
872 3966 906 4024 et
919 3978 1093 4024 causarum
1111 3966 1180 4025 tam
1201 3962 1290 4026 veri-'

180 4071 247 4130 tate
267 4086 368 4151 quam
390 4068 565 4151 gravitate,
581 4066 623 4129 ad
643 4062 1086 4149 judiciaccntumvirorum,
1106 4062 1149 4125 ad
1171 4062 1286 4127 adula-

180 4170 283 4232 torios
321 4170 539 4256 panegyricos
566 4170 600 4231 in
627 4171 741 4257 senatu
768 4163 948 4243 habendos,
964 4169 1008 4235 ‚ct
1032 4162 1076 4225 ad
1100 4163 1287 4237 scholarum

181 4268 331 4337 umbram
355 4272 570 4359 betarumque
591 4287 765 4337 causamm
787 4267 966 4342 simulacra
989 4263 1235 4345 traducebatur,
1253 4271 1289 4335 et
