<?xml version="1.0" encoding="UTF-8"?>
<!DOCTYPE html PUBLIC "-//W3C//DTD XHTML 1.0 Transitional//EN"
    "http://www.w3.org/TR/xhtml1/DTD/xhtml1-transitional.dtd">
<html xmlns="http://www.w3.org/1999/xhtml" xml:lang="en" lang="en">
 <head>
  <title>
</title>
<meta http-equiv="Content-Type" content="text/html;charset=utf-8" />
  <meta name='ocr-system' content='tesseract 3.04.00' />
  <meta name='ocr-capabilities' content='ocr_page ocr_carea ocr_par ocr_line ocrx_word'/>
</head>
<body>
  <div class='ocr_page' id='page_1' title='image "./operaomnia00juvegoog_0431.png"; bbox 0 0 3184 4917; ppageno 0'>
   <div class='ocr_carea' id='block_1_1' title="bbox 629 429 857 482">
    <p class='ocr_par' dir='ltr' id='par_1_1' title="bbox 629 429 857 482">
     <span class='ocr_line' id='line_1_1' title="bbox 629 429 857 482; baseline -0.013 -2"><span class='ocrx_word' id='word_1_1' title='bbox 629 431 782 482; x_wconf 57' lang='grc'><strong>111007.</strong></span> <span class='ocrx_word' id='word_1_2' title='bbox 806 429 857 480; x_wconf 78' lang='lat' dir='ltr'>Vi.</span> 
     </span>
    </p>
   </div>
   <div class='ocr_carea' id='block_1_2' title="bbox 489 735 953 822">
    <p class='ocr_par' dir='ltr' id='par_1_2' title="bbox 489 735 953 822">
     <span class='ocr_line' id='line_1_2' title="bbox 489 735 953 822; baseline 0.006 -4"><span class='ocrx_word' id='word_1_3' title='bbox 489 735 953 822; x_wconf 68' lang='lat' dir='ltr'>‚Excessus</span> 
     </span>
    </p>
   </div>
   <div class='ocr_carea' id='block_1_3' title="bbox 572 933 911 990">
    <p class='ocr_par' dir='ltr' id='par_1_3' title="bbox 572 933 911 990">
     <span class='ocr_line' id='line_1_3' title="bbox 572 933 911 990; baseline -0.015 0"><span class='ocrx_word' id='word_1_4' title='bbox 572 934 625 990; x_wconf 78' lang='grc' dir='ltr'>ΑΒ</span> <span class='ocrx_word' id='word_1_5' title='bbox 641 933 715 990; x_wconf 76' lang='lat' dir='ltr'><strong>SAT.</strong></span> <span class='ocrx_word' id='word_1_6' title='bbox 731 935 779 988; x_wconf 67' lang='grc' dir='ltr'>Ἧι</span> <span class='ocrx_word' id='word_1_7' title='bbox 796 939 911 986; x_wconf 74' lang='lat' dir='ltr'>lat-12⁶.</span> 
     </span>
    </p>
   </div>
   <div class='ocr_carea' id='block_1_4' title="bbox 188 1118 1296 4238">
    <p class='ocr_par' dir='ltr' id='par_1_4' title="bbox 188 1118 1296 3020">
     <span class='ocr_line' id='line_1_4' title="bbox 190 1118 1291 1204; baseline 0 -15"><span class='ocrx_word' id='word_1_8' title='bbox 190 1161 198 1174; x_wconf 84' lang='lat'>-</span> <span class='ocrx_word' id='word_1_9' title='bbox 233 1121 378 1190; x_wconf 84' lang='lat' dir='ltr'>Versum</span> <span class='ocrx_word' id='word_1_10' title='bbox 397 1119 473 1186; x_wconf 82' lang='grc'><strong>124.</strong></span> <span class='ocrx_word' id='word_1_11' title='bbox 496 1123 574 1203; x_wconf 87' lang='lat' dir='ltr'>post</span> <span class='ocrx_word' id='word_1_12' title='bbox 594 1139 645 1186; x_wconf 83' lang='lat' dir='ltr'>rs.</span> <span class='ocrx_word' id='word_1_13' title='bbox 669 1120 744 1185; x_wconf 83' lang='grc'><strong>126.</strong></span> <span class='ocrx_word' id='word_1_14' title='bbox 764 1119 952 1204; x_wconf 85' lang='lat' dir='ltr'>ponendum</span> <span class='ocrx_word' id='word_1_15' title='bbox 975 1118 1137 1188; x_wconf 83' lang='lat' dir='ltr'>censebat</span> <span class='ocrx_word' id='word_1_16' title='bbox 1151 1119 1291 1189; x_wconf 66' lang='lat' dir='ltr'>Seuere</span> 
     </span>
     <span class='ocr_line' id='line_1_5' title="bbox 191 1220 1292 1317; baseline -0.001 -25"><span class='ocrx_word' id='word_1_17' title='bbox 191 1223 319 1292; x_wconf 85' lang='lat' dir='ltr'>fleisch.</span> <span class='ocrx_word' id='word_1_18' title='bbox 362 1221 434 1304; x_wconf 81' lang='lat' dir='ltr'>Ego</span> <span class='ocrx_word' id='word_1_19' title='bbox 449 1221 562 1306; x_wconf 72' lang='lat' dir='ltr'>potins</span> <span class='ocrx_word' id='word_1_20' title='bbox 582 1227 661 1317; x_wconf 82' lang='lat' dir='ltr'>post</span> <span class='ocrx_word' id='word_1_21' title='bbox 679 1241 729 1288; x_wconf 87' lang='lat' dir='ltr'>vs.</span> <span class='ocrx_word' id='word_1_22' title='bbox 742 1221 818 1286; x_wconf 83' lang='grc'><strong>125.</strong></span> <span class='ocrx_word' id='word_1_23' title='bbox 836 1221 929 1306; x_wconf 69' lang='lat' dir='ltr'>¹quai</span> <span class='ocrx_word' id='word_1_24' title='bbox 947 1229 982 1287; x_wconf 85' lang='lat' dir='ltr'>et</span> <span class='ocrx_word' id='word_1_25' title='bbox 1005 1220 1155 1305; x_wconf 73' lang='lat' dir='ltr'>Rigaltie</span> <span class='ocrx_word' id='word_1_26' title='bbox 1174 1225 1292 1308; x_wconf 68' lang='lat' dir='ltr'>pisani⁴</span> 
     </span>
     <span class='ocr_line' id='line_1_6' title="bbox 193 1323 1292 1414; baseline 0.001 -22"><span class='ocrx_word' id='word_1_27' title='bbox 193 1326 261 1394; x_wconf 89' lang='lat' dir='ltr'>isse</span> <span class='ocrx_word' id='word_1_28' title='bbox 274 1329 393 1414; x_wconf 85' lang='lat' dir='ltr'>postea</span> <span class='ocrx_word' id='word_1_29' title='bbox 406 1323 485 1390; x_wconf 80' lang='lat' dir='ltr'>¹vidi.</span> <span class='ocrx_word' id='word_1_30' title='bbox 530 1323 597 1388; x_wconf 85' lang='lat' dir='ltr'>Sed</span> <span class='ocrx_word' id='word_1_31' title='bbox 612 1324 755 1406; x_wconf 82' lang='lat' dir='ltr'>vulgaris</span> <span class='ocrx_word' id='word_1_32' title='bbox 769 1335 901 1408; x_wconf 87' lang='lat' dir='ltr'>quoque</span> <span class='ocrx_word' id='word_1_33' title='bbox 916 1325 1090 1390; x_wconf 83' lang='lat' dir='ltr'>verborum</span> <span class='ocrx_word' id='word_1_34' title='bbox 1103 1325 1186 1390; x_wconf 87' lang='lat' dir='ltr'>ordo</span> <span class='ocrx_word' id='word_1_35' title='bbox 1206 1328 1292 1393; x_wconf 72' lang='lat' dir='ltr'>bene</span> 
     </span>
     <span class='ocr_line' id='line_1_7' title="bbox 194 1415 1292 1512; baseline -0.003 -16"><span class='ocrx_word' id='word_1_36' title='bbox 194 1449 231 1496; x_wconf 83' lang='lat' dir='ltr'>se</span> <span class='ocrx_word' id='word_1_37' title='bbox 250 1415 369 1494; x_wconf 77' lang='lat' dir='ltr'>habet:</span> <span class='ocrx_word' id='word_1_38' title='bbox 393 1425 452 1492; x_wconf 83' lang='lat' dir='ltr'>tibi</span> <span class='ocrx_word' id='word_1_39' title='bbox 466 1446 528 1510; x_wconf 90' lang='lat' dir='ltr'>pro</span> <span class='ocrx_word' id='word_1_40' title='bbox 544 1435 630 1490; x_wconf 82' lang='lat' dir='ltr'>tuem</span> <span class='ocrx_word' id='word_1_41' title='bbox 645 1428 763 1510; x_wconf 76' lang='lat' dir='ltr'>legitur</span> <span class='ocrx_word' id='word_1_42' title='bbox 782 1428 820 1492; x_wconf 91' lang='lat' dir='ltr'>iu</span> <span class='ocrx_word' id='word_1_43' title='bbox 838 1428 892 1491; x_wconf 94' lang='grc'>11.</span> <span class='ocrx_word' id='word_1_44' title='bbox 914 1426 1006 1512; x_wconf 89' lang='lat' dir='ltr'>quod</span> <span class='ocrx_word' id='word_1_45' title='bbox 1024 1427 1143 1492; x_wconf 80' lang='lat' dir='ltr'>melius</span> <span class='ocrx_word' id='word_1_46' title='bbox 1161 1432 1195 1492; x_wconf 89' lang='lat' dir='ltr'>et</span> <span class='ocrx_word' id='word_1_47' title='bbox 1212 1420 1292 1494; x_wconf 77' lang='lat' dir='ltr'>sati·</span> 
     </span>
     <span class='ocr_line' id='line_1_8' title="bbox 193 1527 1294 1597; baseline -0.003 0"><span class='ocrx_word' id='word_1_48' title='bbox 193 1531 260 1597; x_wconf 72' lang='lat' dir='ltr'>riae</span> <span class='ocrx_word' id='word_1_49' title='bbox 275 1530 408 1595; x_wconf 87' lang='lat' dir='ltr'>omuino</span> <span class='ocrx_word' id='word_1_50' title='bbox 427 1527 551 1594; x_wconf 84' lang='lat' dir='ltr'>dictum</span> <span class='ocrx_word' id='word_1_51' title='bbox 565 1528 737 1594; x_wconf 86' lang='lat' dir='ltr'>videbatur</span> <span class='ocrx_word' id='word_1_52' title='bbox 756 1528 1038 1597; x_wconf 75' lang='lat' dir='ltr'>Schurufleischio.</span> <span class='ocrx_word' id='word_1_53' title='bbox 1080 1529 1239 1594; x_wconf 85' lang='lat' dir='ltr'>Burthius</span> <span class='ocrx_word' id='word_1_54' title='bbox 1256 1529 1294 1594; x_wconf 81' lang='lat' dir='ltr'>iri</span> 
     </span>
     <span class='ocr_line' id='line_1_9' title="bbox 188 1628 1293 1703; baseline 0.003 -7"><span class='ocrx_word' id='word_1_55' title='bbox 188 1630 335 1697; x_wconf 70' lang='lat' dir='ltr'>Advers.</span> <span class='ocrx_word' id='word_1_56' title='bbox 355 1645 455 1703; x_wconf 82' lang='lat' dir='ltr'>xxx.</span> <span class='ocrx_word' id='word_1_57' title='bbox 478 1629 512 1694; x_wconf 82' lang='lat'>2.</span> <span class='ocrx_word' id='word_1_58' title='bbox 535 1630 609 1694; x_wconf 85' lang='lat' dir='ltr'>haec</span> <span class='ocrx_word' id='word_1_59' title='bbox 628 1629 776 1695; x_wconf 84' lang='lat' dir='ltr'>notavit:</span> <span class='ocrx_word' id='word_1_60' title='bbox 805 1628 976 1696; x_wconf 87' lang='lat' dir='ltr'>‘Verbum</span> <span class='ocrx_word' id='word_1_61' title='bbox 1000 1629 1132 1694; x_wconf 72' lang='lat' dir='ltr'>ostendit</span> <span class='ocrx_word' id='word_1_62' title='bbox 1153 1632 1293 1698; x_wconf 82' lang='lat' dir='ltr'>nimium</span> 
     </span>
     <span class='ocr_line' id='line_1_10' title="bbox 189 1731 1292 1820; baseline 0 -22"><span class='ocrx_word' id='word_1_63' title='bbox 189 1753 295 1820; x_wconf 66' lang='lat' dir='ltr'>‘quarn</span> <span class='ocrx_word' id='word_1_64' title='bbox 314 1732 386 1797; x_wconf 81' lang='lat' dir='ltr'>leve</span> <span class='ocrx_word' id='word_1_65' title='bbox 406 1731 487 1798; x_wconf 86' lang='lat' dir='ltr'>mihi</span> <span class='ocrx_word' id='word_1_66' title='bbox 506 1735 637 1816; x_wconf 84' lang='lat' dir='ltr'>semper</span> <span class='ocrx_word' id='word_1_67' title='bbox 656 1731 766 1794; x_wconf 87' lang='lat' dir='ltr'>visum</span> <span class='ocrx_word' id='word_1_68' title='bbox 784 1735 838 1796; x_wconf 88' lang='lat' dir='ltr'>est</span> <span class='ocrx_word' id='word_1_69' title='bbox 858 1750 919 1815; x_wconf 86' lang='lat' dir='ltr'>pro</span> <span class='ocrx_word' id='word_1_70' title='bbox 938 1750 973 1794; x_wconf 94' lang='lat' dir='ltr'>re</span> <span class='ocrx_word' id='word_1_71' title='bbox 995 1737 1030 1796; x_wconf 86' lang='lat' dir='ltr'>et</span> <span class='ocrx_word' id='word_1_72' title='bbox 1050 1732 1198 1798; x_wconf 80' lang='lat' dir='ltr'>facinore</span> <span class='ocrx_word' id='word_1_73' title='bbox 1222 1738 1292 1798; x_wconf 85' lang='lat' dir='ltr'>tam</span> 
     </span>
     <span class='ocr_line' id='line_1_11' title="bbox 190 1827 1292 1922; baseline -0.002 -20"><span class='ocrx_word' id='word_1_74' title='bbox 190 1833 310 1902; x_wconf 73' lang='lat' dir='ltr'>atroci</span> <span class='ocrx_word' id='word_1_75' title='bbox 359 1832 453 1912; x_wconf 83' lang='lat' dir='ltr'>Quid</span> <span class='ocrx_word' id='word_1_76' title='bbox 478 1833 565 1897; x_wconf 82' lang='lat' dir='ltr'>euim</span> <span class='ocrx_word' id='word_1_77' title='bbox 589 1831 679 1898; x_wconf 84' lang='lat' dir='ltr'>nuda</span> <span class='ocrx_word' id='word_1_78' title='bbox 701 1829 829 1895; x_wconf 75' lang='lat' dir='ltr'>artemio</span> <span class='ocrx_word' id='word_1_79' title='bbox 852 1827 1026 1922; x_wconf 66' lang='lat' dir='ltr'>eumuna</span> <span class='ocrx_word' id='word_1_80' title='bbox 1051 1851 1127 1896; x_wconf 89' lang='lat' dir='ltr'>eum</span> <span class='ocrx_word' id='word_1_81' title='bbox 1150 1834 1292 1900; x_wconf 83' lang='lat' dir='ltr'>incestis</span> 
     </span>
     <span class='ocr_line' id='line_1_12' title="bbox 193 1931 1290 2019; baseline -0.002 -15"><span class='ocrx_word' id='word_1_82' title='bbox 193 1937 259 2004; x_wconf 86' lang='lat' dir='ltr'>illis</span> <span class='ocrx_word' id='word_1_83' title='bbox 275 1937 444 2002; x_wconf 73' lang='lat' dir='ltr'><strong>adulteriis</strong></span> <span class='ocrx_word' id='word_1_84' title='bbox 459 1935 584 2000; x_wconf 81' lang='lat' dir='ltr'>habeti</span> <span class='ocrx_word' id='word_1_85' title='bbox 610 1943 643 2000; x_wconf 86' lang='lat' dir='ltr'>et</span> <span class='ocrx_word' id='word_1_86' title='bbox 656 1933 714 2018; x_wconf 88' lang='lat' dir='ltr'>qui</span> <span class='ocrx_word' id='word_1_87' title='bbox 732 1935 840 2019; x_wconf 84' lang='lat' dir='ltr'>potuit</span> <span class='ocrx_word' id='word_1_88' title='bbox 857 1933 973 2018; x_wconf 78' lang='lat' dir='ltr'>palam</span> <span class='ocrx_word' id='word_1_89' title='bbox 986 1931 1140 1998; x_wconf 71' lang='lat' dir='ltr'><em>ostendere</em></span> <span class='ocrx_word' id='word_1_90' title='bbox 1157 1937 1192 1999; x_wconf 90' lang='lat' dir='ltr'>in</span> <span class='ocrx_word' id='word_1_91' title='bbox 1213 1936 1290 2002; x_wconf 73' lang='lat' dir='ltr'><strong>l‘ocd</strong></span> 
     </span>
     <span class='ocr_line' id='line_1_13' title="bbox 194 2035 1292 2128; baseline -0.004 -22"><span class='ocrx_word' id='word_1_92' title='bbox 194 2035 379 2117; x_wconf 79' lang='lat' dir='ltr'>tenebrose,</span> <span class='ocrx_word' id='word_1_93' title='bbox 394 2039 451 2104; x_wconf 90' lang='lat' dir='ltr'>ubi</span> <span class='ocrx_word' id='word_1_94' title='bbox 464 2037 564 2114; x_wconf 82' lang='lat' dir='ltr'>nulla,</span> <span class='ocrx_word' id='word_1_95' title='bbox 578 2036 642 2128; x_wconf 84' lang='lat' dir='ltr'>nisi</span> <span class='ocrx_word' id='word_1_96' title='bbox 657 2036 700 2100; x_wconf 86' lang='lat' dir='ltr'>ad</span> <span class='ocrx_word' id='word_1_97' title='bbox 716 2035 905 2120; x_wconf 79' lang='lat' dir='ltr'>iuligineam</span> <span class='ocrx_word' id='word_1_98' title='bbox 919 2036 1100 2115; x_wconf 78' lang='lat' dir='ltr'>lucernam,</span> <span class='ocrx_word' id='word_1_99' title='bbox 1121 2036 1181 2102; x_wconf 83' lang='lat' dir='ltr'>lux</span> <span class='ocrx_word' id='word_1_100' title='bbox 1193 2040 1292 2122; x_wconf 70' lang='lat' dir='ltr'>erati</span> 
     </span>
     <span class='ocr_line' id='line_1_14' title="bbox 189 2133 1293 2224; baseline -0.001 -19"><span class='ocrx_word' id='word_1_101' title='bbox 189 2139 287 2224; x_wconf 77' lang='lat' dir='ltr'>Lego</span> <span class='ocrx_word' id='word_1_102' title='bbox 312 2135 507 2224; x_wconf 60' lang='lat' dir='ltr'>(finditque,</span> <span class='ocrx_word' id='word_1_103' title='bbox 530 2136 621 2220; x_wconf 89' lang='lat' dir='ltr'>quod</span> <span class='ocrx_word' id='word_1_104' title='bbox 645 2133 781 2206; x_wconf 74' lang='lat' dir='ltr'>¹serimus</span> <span class='ocrx_word' id='word_1_105' title='bbox 807 2137 975 2223; x_wconf 73' lang='lat' dir='ltr'>principes</span> <span class='ocrx_word' id='word_1_106' title='bbox 1000 2141 1218 2204; x_wconf 77' lang='lat' dir='ltr'><strong>observamus</strong></span> <span class='ocrx_word' id='word_1_107' title='bbox 1243 2141 1293 2205; x_wconf 89' lang='lat' dir='ltr'>iu·</span> 
     </span>
     <span class='ocr_line' id='line_1_15' title="bbox 191 2238 1293 2324; baseline -0.001 -16"><span class='ocrx_word' id='word_1_108' title='bbox 191 2248 294 2308; x_wconf 64' lang='lat' dir='ltr'>nestra</span> <span class='ocrx_word' id='word_1_109' title='bbox 310 2240 438 2324; x_wconf 90' lang='lat' dir='ltr'>aliquid</span> <span class='ocrx_word' id='word_1_110' title='bbox 452 2239 599 2304; x_wconf 75' lang='lat' dir='ltr'>lesionis</span> <span class='ocrx_word' id='word_1_111' title='bbox 612 2257 725 2320; x_wconf 81' lang='lat' dir='ltr'>gerere</span> <span class='ocrx_word' id='word_1_112' title='bbox 739 2239 772 2302; x_wconf 89' lang='lat' dir='ltr'>in</span> <span class='ocrx_word' id='word_1_113' title='bbox 786 2239 872 2302; x_wconf 85' lang='lat' dir='ltr'>sinu.</span> <span class='ocrx_word' id='word_1_114' title='bbox 907 2238 967 2305; x_wconf 89' lang='lat' dir='ltr'>Sie</span> <span class='ocrx_word' id='word_1_115' title='bbox 981 2259 1062 2304; x_wconf 86' lang='lat' dir='ltr'>usus</span> <span class='ocrx_word' id='word_1_116' title='bbox 1075 2240 1184 2306; x_wconf 88' lang='lat' dir='ltr'>Varro</span> <span class='ocrx_word' id='word_1_117' title='bbox 1200 2241 1293 2308; x_wconf 63' lang='lat' dir='ltr'>Mara</span> 
     </span>
     <span class='ocr_line' id='line_1_16' title="bbox 194 2338 1294 2429; baseline -0.001 -20"><span class='ocrx_word' id='word_1_118' title='bbox 194 2343 306 2428; x_wconf 83' lang='lat' dir='ltr'>cipere</span> <span class='ocrx_word' id='word_1_119' title='bbox 326 2343 414 2429; x_wconf 87' lang='lat' dir='ltr'>apud</span> <span class='ocrx_word' id='word_1_120' title='bbox 439 2339 527 2406; x_wconf 89' lang='lat' dir='ltr'>Non.</span> <span class='ocrx_word' id='word_1_121' title='bbox 549 2341 646 2426; x_wconf 86' lang='lat' dir='ltr'>cujus</span> <span class='ocrx_word' id='word_1_122' title='bbox 664 2338 769 2404; x_wconf 83' lang='lat' dir='ltr'>verbe</span> <span class='ocrx_word' id='word_1_123' title='bbox 791 2339 836 2404; x_wconf 91' lang='lat' dir='ltr'>ob</span> <span class='ocrx_word' id='word_1_124' title='bbox 857 2340 1109 2406; x_wconf 81' lang='lat' dir='ltr'>obseoeuitatem</span> <span class='ocrx_word' id='word_1_125' title='bbox 1130 2343 1294 2408; x_wconf 82' lang='lat' dir='ltr'>ascribere</span> 
     </span>
     <span class='ocr_line' id='line_1_17' title="bbox 191 2441 1295 2534; baseline 0.003 -24"><span class='ocrx_word' id='word_1_126' title='bbox 191 2443 318 2531; x_wconf 77' lang='lat' dir='ltr'>&#39;pudet&#39;</span> <span class='ocrx_word' id='word_1_127' title='bbox 361 2445 427 2510; x_wconf 86' lang='lat' dir='ltr'>Sed</span> <span class='ocrx_word' id='word_1_128' title='bbox 443 2463 501 2509; x_wconf 88' lang='lat' dir='ltr'>cur</span> <span class='ocrx_word' id='word_1_129' title='bbox 519 2443 580 2508; x_wconf 86' lang='lat' dir='ltr'>lux</span> <span class='ocrx_word' id='word_1_130' title='bbox 599 2441 745 2522; x_wconf 80' lang='lat' dir='ltr'>lucernae</span> <span class='ocrx_word' id='word_1_131' title='bbox 765 2461 832 2534; x_wconf 81' lang='lat' dir='ltr'>non</span> <span class='ocrx_word' id='word_1_132' title='bbox 852 2441 974 2507; x_wconf 87' lang='lat' dir='ltr'>sufficit</span> <span class='ocrx_word' id='word_1_133' title='bbox 992 2442 1036 2507; x_wconf 86' lang='lat' dir='ltr'>ad</span> <span class='ocrx_word' id='word_1_134' title='bbox 1056 2445 1295 2514; x_wconf 84' lang='lat' dir='ltr'>ostendendum</span> 
     </span>
     <span class='ocr_line' id='line_1_18' title="bbox 194 2531 1293 2614; baseline -0.003 -1"><span class='ocrx_word' id='word_1_135' title='bbox 194 2549 366 2614; x_wconf 81' lang='lat' dir='ltr'>ventremt</span> <span class='ocrx_word' id='word_1_136' title='bbox 388 2552 422 2611; x_wconf 89' lang='lat' dir='ltr'>et</span> <span class='ocrx_word' id='word_1_137' title='bbox 444 2565 501 2610; x_wconf 91' lang='lat' dir='ltr'>eur</span> <span class='ocrx_word' id='word_1_138' title='bbox 523 2546 587 2611; x_wconf 86' lang='lat' dir='ltr'>hoe</span> <span class='ocrx_word' id='word_1_139' title='bbox 612 2531 762 2609; x_wconf 52' lang='lat' dir='ltr'>alienum&#39;</span> <span class='ocrx_word' id='word_1_140' title='bbox 775 2535 805 2607; x_wconf 78' lang='lat' dir='ltr'>a‘</span> <span class='ocrx_word' id='word_1_141' title='bbox 821 2543 924 2608; x_wconf 80' lang='lat' dir='ltr'>tantis</span> <span class='ocrx_word' id='word_1_142' title='bbox 944 2543 1165 2608; x_wconf 82' lang='lat' dir='ltr'>libidinibust</span> <span class='ocrx_word' id='word_1_143' title='bbox 1198 2545 1293 2611; x_wconf 82' lang='lat' dir='ltr'>‘Sub</span> 
     </span>
     <span class='ocr_line' id='line_1_19' title="bbox 195 2644 1293 2725; baseline 0.001 -11"><span class='ocrx_word' id='word_1_144' title='bbox 195 2648 386 2714; x_wconf 85' lang='lat' dir='ltr'>claranuda</span> <span class='ocrx_word' id='word_1_145' title='bbox 399 2645 554 2725; x_wconf 71' lang='lat' dir='ltr'>lueema&#39;</span> <span class='ocrx_word' id='word_1_146' title='bbox 574 2651 638 2711; x_wconf 77' lang='lat' dir='ltr'>cet</span> <span class='ocrx_word' id='word_1_147' title='bbox 657 2644 699 2709; x_wconf 86' lang='lat' dir='ltr'>de</span> <span class='ocrx_word' id='word_1_148' title='bbox 720 2644 836 2710; x_wconf 85' lang='lat' dir='ltr'>eadem</span> <span class='ocrx_word' id='word_1_149' title='bbox 854 2644 996 2710; x_wconf 82' lang='lat' dir='ltr'>redixit</span> <span class='ocrx_word' id='word_1_150' title='bbox 1018 2645 1138 2711; x_wconf 85' lang='lat' dir='ltr'>Horat.</span> <span class='ocrx_word' id='word_1_151' title='bbox 1161 2646 1293 2715; x_wconf 69' lang='lat' dir='ltr'>Satur.</span> 
     </span>
     <span class='ocr_line' id='line_1_20' title="bbox 194 2745 1296 2833; baseline 0 -17"><span class='ocrx_word' id='word_1_152' title='bbox 194 2752 228 2816; x_wconf 90' lang='grc'>7.</span> <span class='ocrx_word' id='word_1_153' title='bbox 240 2749 293 2814; x_wconf 86' lang='grc'>48.</span> <span class='ocrx_word' id='word_1_154' title='bbox 307 2770 358 2833; x_wconf 86' lang='lat' dir='ltr'>sq.</span> <span class='ocrx_word' id='word_1_155' title='bbox 372 2753 406 2814; x_wconf 91' lang='lat' dir='ltr'>et</span> <span class='ocrx_word' id='word_1_156' title='bbox 419 2749 496 2812; x_wconf 88' lang='lat' dir='ltr'>Seu.</span> <span class='ocrx_word' id='word_1_157' title='bbox 516 2748 557 2812; x_wconf 85' lang='lat' dir='ltr'>de</span> <span class='ocrx_word' id='word_1_158' title='bbox 572 2747 783 2811; x_wconf 81' lang='lat' dir='ltr'>Ben.v11.9.</span> <span class='ocrx_word' id='word_1_159' title='bbox 798 2753 881 2814; x_wconf 80' lang='lat' dir='ltr'>extr.</span> <span class='ocrx_word' id='word_1_160' title='bbox 903 2745 1092 2810; x_wconf 73' lang='lat' dir='ltr'>‘Matronae</span> <span class='ocrx_word' id='word_1_161' title='bbox 1110 2754 1232 2813; x_wconf 60' lang='lat' dir='ltr'>nostae</span> <span class='ocrx_word' id='word_1_162' title='bbox 1251 2769 1296 2816; x_wconf 85' lang='lat' dir='ltr'>ne</span> 
     </span>
     <span class='ocr_line' id='line_1_21' title="bbox 195 2846 1293 2934; baseline 0.001 -18"><span class='ocrx_word' id='word_1_163' title='bbox 195 2851 354 2917; x_wconf 68' lang='lat' dir='ltr'>adstiteris</span> <span class='ocrx_word' id='word_1_164' title='bbox 377 2848 512 2934; x_wconf 88' lang='lat' dir='ltr'>quidem</span> <span class='ocrx_word' id='word_1_165' title='bbox 537 2847 614 2931; x_wconf 81' lang='lat' dir='ltr'>plus</span> <span class='ocrx_word' id='word_1_166' title='bbox 638 2847 692 2912; x_wconf 90' lang='lat' dir='ltr'>sui</span> <span class='ocrx_word' id='word_1_167' title='bbox 716 2847 753 2913; x_wconf 88' lang='lat' dir='ltr'>in</span> <span class='ocrx_word' id='word_1_168' title='bbox 777 2846 942 2924; x_wconf 78' lang='lat' dir='ltr'>cubiculo,</span> <span class='ocrx_word' id='word_1_169' title='bbox 965 2859 1070 2930; x_wconf 86' lang='lat' dir='ltr'>&#39;quam</span> <span class='ocrx_word' id='word_1_170' title='bbox 1095 2847 1129 2910; x_wconf 89' lang='lat' dir='ltr'>in</span> <span class='ocrx_word' id='word_1_171' title='bbox 1155 2849 1293 2930; x_wconf 77' lang='lat' dir='ltr'>publica</span> 
     </span>
     <span class='ocr_line' id='line_1_22' title="bbox 195 2951 391 3020; baseline 0.005 -1"><span class='ocrx_word' id='word_1_172' title='bbox 195 2951 391 3020; x_wconf 76' lang='lat' dir='ltr'>ostendunt&#39;</span> 
     </span>
    </p>

    <p class='ocr_par' dir='ltr' id='par_1_5' title="bbox 191 3052 1295 4238">
     <span class='ocr_line' id='line_1_23' title="bbox 237 3052 1292 3138; baseline -0.001 -19"><span class='ocrx_word' id='word_1_173' title='bbox 237 3053 364 3119; x_wconf 80' lang='lat' dir='ltr'>Versus</span> <span class='ocrx_word' id='word_1_174' title='bbox 380 3054 455 3120; x_wconf 85' lang='grc'><strong>126.</strong></span> <span class='ocrx_word' id='word_1_175' title='bbox 473 3058 551 3138; x_wconf 75' lang='lat' dir='ltr'>post</span> <span class='ocrx_word' id='word_1_176' title='bbox 562 3055 614 3120; x_wconf 77' lang='lat' dir='ltr'>&#39;va</span> <span class='ocrx_word' id='word_1_177' title='bbox 629 3053 705 3120; x_wconf 89' lang='grc'><strong>129.</strong></span> <span class='ocrx_word' id='word_1_178' title='bbox 727 3052 846 3135; x_wconf 83' lang='lat' dir='ltr'>legitur</span> <span class='ocrx_word' id='word_1_179' title='bbox 864 3052 900 3117; x_wconf 88' lang='lat' dir='ltr'>in</span> <span class='ocrx_word' id='word_1_180' title='bbox 919 3053 975 3118; x_wconf 95' lang='grc'>74.</span> <span class='ocrx_word' id='word_1_181' title='bbox 996 3057 1128 3137; x_wconf 87' lang='lat' dir='ltr'>etpost</span> <span class='ocrx_word' id='word_1_182' title='bbox 1147 3071 1198 3118; x_wconf 80' lang='lat' dir='ltr'>rs.</span> <span class='ocrx_word' id='word_1_183' title='bbox 1217 3054 1292 3120; x_wconf 85' lang='grc'><strong>128.</strong></span> 
     </span>
     <span class='ocr_line' id='line_1_24' title="bbox 194 3155 1293 3240; baseline 0.001 -18"><span class='ocrx_word' id='word_1_184' title='bbox 194 3157 229 3222; x_wconf 92' lang='lat' dir='ltr'>in</span> <span class='ocrx_word' id='word_1_185' title='bbox 251 3157 390 3222; x_wconf 83' lang='lat' dir='ltr'>vetustis</span> <span class='ocrx_word' id='word_1_186' title='bbox 415 3155 602 3235; x_wconf 82' lang='lat' dir='ltr'><strong>codicibus,</strong></span> <span class='ocrx_word' id='word_1_187' title='bbox 625 3155 649 3221; x_wconf 90' lang='lat' dir='ltr'>&#39;e</span> <span class='ocrx_word' id='word_1_188' title='bbox 667 3155 794 3240; x_wconf 82' lang='lat' dir='ltr'>&#39;quibus</span> <span class='ocrx_word' id='word_1_189' title='bbox 816 3176 891 3221; x_wconf 89' lang='lat' dir='ltr'>eum</span> <span class='ocrx_word' id='word_1_190' title='bbox 918 3156 1016 3239; x_wconf 84' lang='lat' dir='ltr'>primi</span> <span class='ocrx_word' id='word_1_191' title='bbox 1041 3157 1212 3223; x_wconf 85' lang='lat' dir='ltr'>restituere</span> <span class='ocrx_word' id='word_1_192' title='bbox 1235 3157 1293 3224; x_wconf 78' lang='lat' dir='ltr'>Jo.</span> 
     </span>
     <span class='ocr_line' id='line_1_25' title="bbox 194 3257 1294 3348; baseline 0.003 -25"><span class='ocrx_word' id='word_1_193' title='bbox 194 3257 418 3344; x_wconf 78' lang='lat' dir='ltr'>ssuspinianus</span> <span class='ocrx_word' id='word_1_194' title='bbox 430 3259 467 3324; x_wconf 90' lang='lat' dir='ltr'>in</span> <span class='ocrx_word' id='word_1_195' title='bbox 480 3257 551 3328; x_wconf 80' lang='lat' dir='ltr'>vite</span> <span class='ocrx_word' id='word_1_196' title='bbox 563 3258 766 3343; x_wconf 75' lang='lat' dir='ltr'>sigismundi</span> <span class='ocrx_word' id='word_1_197' title='bbox 780 3257 870 3326; x_wconf 78' lang='lat' dir='ltr'>Gaes.</span> <span class='ocrx_word' id='word_1_198' title='bbox 883 3281 918 3344; x_wconf 88' lang='lat' dir='ltr'>p.</span> <span class='ocrx_word' id='word_1_199' title='bbox 929 3260 1005 3348; x_wconf 84' lang='grc'><strong>400.</strong></span> <span class='ocrx_word' id='word_1_200' title='bbox 1026 3264 1061 3323; x_wconf 85' lang='lat' dir='ltr'>et</span> <span class='ocrx_word' id='word_1_201' title='bbox 1074 3258 1294 3326; x_wconf 75' lang='lat' dir='ltr'>Pulmannnsx</span> 
     </span>
     <span class='ocr_line' id='line_1_26' title="bbox 191 3347 1294 3445; baseline 0.003 -20"><span class='ocrx_word' id='word_1_202' title='bbox 191 3347 269 3426; x_wconf 56' lang='lat' dir='ltr'>&#39;nam</span> <span class='ocrx_word' id='word_1_203' title='bbox 292 3362 390 3445; x_wconf 86' lang='lat' dir='ltr'>plane</span> <span class='ocrx_word' id='word_1_204' title='bbox 410 3364 506 3429; x_wconf 89' lang='lat' dir='ltr'>abest</span> <span class='ocrx_word' id='word_1_205' title='bbox 524 3365 568 3427; x_wconf 87' lang='lat' dir='ltr'>nb</span> <span class='ocrx_word' id='word_1_206' title='bbox 588 3361 1215 3431; x_wconf 59' lang='grc' dir='ltr'><strong>10.11.14-17.1023.2’ν27.45-78.</strong></span> <span class='ocrx_word' id='word_1_207' title='bbox 1234 3363 1294 3428; x_wconf 75' lang='lat'>75·</span> 
     </span>
     <span class='ocr_line' id='line_1_27' title="bbox 194 3461 1292 3540; baseline -0.003 -12"><span class='ocrx_word' id='word_1_208' title='bbox 194 3463 249 3528; x_wconf 88' lang='grc'>77.</span> <span class='ocrx_word' id='word_1_209' title='bbox 293 3462 483 3530; x_wconf 78' lang='lat' dir='ltr'>Henuinius</span> <span class='ocrx_word' id='word_1_210' title='bbox 503 3467 626 3539; x_wconf 87' lang='lat' dir='ltr'>mouet,</span> <span class='ocrx_word' id='word_1_211' title='bbox 646 3482 683 3526; x_wconf 85' lang='lat' dir='ltr'>se</span> <span class='ocrx_word' id='word_1_212' title='bbox 704 3461 883 3528; x_wconf 81' lang='lat' dir='ltr'>retraxisse</span> <span class='ocrx_word' id='word_1_213' title='bbox 902 3481 978 3526; x_wconf 88' lang='lat' dir='ltr'>eum</span> <span class='ocrx_word' id='word_1_214' title='bbox 996 3464 1033 3525; x_wconf 91' lang='lat' dir='ltr'>in</span> <span class='ocrx_word' id='word_1_215' title='bbox 1052 3481 1151 3526; x_wconf 89' lang='lat' dir='ltr'>suum</span> <span class='ocrx_word' id='word_1_216' title='bbox 1169 3461 1292 3540; x_wconf 86' lang='lat' dir='ltr'>locum,</span> 
     </span>
     <span class='ocr_line' id='line_1_28' title="bbox 194 3563 1295 3646; baseline -0.005 -16"><span class='ocrx_word' id='word_1_217' title='bbox 194 3563 281 3630; x_wconf 89' lang='lat' dir='ltr'>unde</span> <span class='ocrx_word' id='word_1_218' title='bbox 300 3569 498 3636; x_wconf 79' lang='lat' dir='ltr'>monstrante</span> <span class='ocrx_word' id='word_1_219' title='bbox 518 3565 609 3630; x_wconf 79' lang='lat' dir='ltr'>viam</span> <span class='ocrx_word' id='word_1_220' title='bbox 630 3583 729 3628; x_wconf 90' lang='lat' dir='ltr'>sensu</span> <span class='ocrx_word' id='word_1_221' title='bbox 748 3563 910 3629; x_wconf 80' lang='lat' dir='ltr'>exciderit</span> <span class='ocrx_word' id='word_1_222' title='bbox 928 3564 972 3627; x_wconf 85' lang='lat' dir='ltr'>ob</span> <span class='ocrx_word' id='word_1_223' title='bbox 995 3569 1230 3646; x_wconf 71' lang='lat' dir='ltr'>pretextatam</span> <span class='ocrx_word' id='word_1_224' title='bbox 1253 3563 1295 3625; x_wconf 89' lang='lat' dir='ltr'>li·</span> 
     </span>
     <span class='ocr_line' id='line_1_29' title="bbox 191 3658 1294 3748; baseline -0.003 -18"><span class='ocrx_word' id='word_1_225' title='bbox 191 3666 347 3745; x_wconf 71' lang='lat' dir='ltr'>centiam,</span> <span class='ocrx_word' id='word_1_226' title='bbox 363 3687 445 3734; x_wconf 79' lang='lat' dir='ltr'>mox</span> <span class='ocrx_word' id='word_1_227' title='bbox 459 3687 537 3735; x_wconf 85' lang='lat' dir='ltr'>vero</span> <span class='ocrx_word' id='word_1_228' title='bbox 553 3687 575 3730; x_wconf 87' lang='lat' dir='ltr'>a</span> <span class='ocrx_word' id='word_1_229' title='bbox 588 3665 761 3731; x_wconf 87' lang='lat' dir='ltr'>curiesulis</span> <span class='ocrx_word' id='word_1_230' title='bbox 778 3670 929 3748; x_wconf 84' lang='lat' dir='ltr'>receptus</span> <span class='ocrx_word' id='word_1_231' title='bbox 943 3683 983 3728; x_wconf 88' lang='lat' dir='ltr'>eo</span> <span class='ocrx_word' id='word_1_232' title='bbox 1001 3662 1201 3745; x_wconf 76' lang='lat' dir='ltr'>migraverit,</span> <span class='ocrx_word' id='word_1_233' title='bbox 1226 3658 1294 3747; x_wconf 80' lang='lat' dir='ltr'>qu&#39;o</span> 
     </span>
     <span class='ocr_line' id='line_1_30' title="bbox 195 3762 1295 3853; baseline -0.004 -22"><span class='ocrx_word' id='word_1_234' title='bbox 195 3786 261 3831; x_wconf 89' lang='lat' dir='ltr'>non</span> <span class='ocrx_word' id='word_1_235' title='bbox 283 3767 470 3852; x_wconf 83' lang='lat' dir='ltr'>quadraret.</span> <span class='ocrx_word' id='word_1_236' title='bbox 515 3767 651 3853; x_wconf 81' lang='lat' dir='ltr'>Ejectus</span> <span class='ocrx_word' id='word_1_237' title='bbox 665 3769 774 3848; x_wconf 86' lang='lat' dir='ltr'>estab</span> <span class='ocrx_word' id='word_1_238' title='bbox 789 3769 844 3845; x_wconf 88' lang='lat' dir='ltr'>iis,</span> <span class='ocrx_word' id='word_1_239' title='bbox 863 3767 922 3850; x_wconf 87' lang='lat' dir='ltr'>qui</span> <span class='ocrx_word' id='word_1_240' title='bbox 939 3766 988 3830; x_wconf 89' lang='lat' dir='ltr'>rei</span> <span class='ocrx_word' id='word_1_241' title='bbox 1006 3766 1223 3830; x_wconf 84' lang='lat' dir='ltr'>obscoeuitate</span> <span class='ocrx_word' id='word_1_242' title='bbox 1243 3762 1295 3828; x_wconf 66' lang='lat' dir='ltr'>oi»</span> 
     </span>
     <span class='ocr_line' id='line_1_31' title="bbox 194 3866 1293 3955; baseline -0.005 -21"><span class='ocrx_word' id='word_1_243' title='bbox 194 3867 430 3946; x_wconf 76' lang='lat' dir='ltr'>tendebantur:</span> <span class='ocrx_word' id='word_1_244' title='bbox 463 3870 581 3934; x_wconf 79' lang='lat' dir='ltr'>eodem</span> <span class='ocrx_word' id='word_1_245' title='bbox 607 3874 728 3947; x_wconf 85' lang='lat' dir='ltr'>tamen,</span> <span class='ocrx_word' id='word_1_246' title='bbox 758 3889 857 3955; x_wconf 85' lang='lat' dir='ltr'>quem</span> <span class='ocrx_word' id='word_1_247' title='bbox 885 3887 973 3932; x_wconf 85' lang='lat' dir='ltr'>nunc</span> <span class='ocrx_word' id='word_1_248' title='bbox 1002 3866 1191 3949; x_wconf 83' lang='lat' dir='ltr'>occupavit,</span> <span class='ocrx_word' id='word_1_249' title='bbox 1215 3866 1293 3930; x_wconf 85' lang='lat' dir='ltr'>loeo</span> 
     </span>
     <span class='ocr_line' id='line_1_32' title="bbox 191 3965 1293 4056; baseline -0.008 -19"><span class='ocrx_word' id='word_1_250' title='bbox 191 3972 263 4056; x_wconf 81' lang='lat' dir='ltr'>jam</span> <span class='ocrx_word' id='word_1_251' title='bbox 277 3975 370 4035; x_wconf 81' lang='lat' dir='ltr'>extat</span> <span class='ocrx_word' id='word_1_252' title='bbox 379 3973 419 4034; x_wconf 78' lang='lat' dir='ltr'>tn</span> <span class='ocrx_word' id='word_1_253' title='bbox 432 3972 485 4036; x_wconf 90' lang='grc'>24.</span> <span class='ocrx_word' id='word_1_254' title='bbox 499 3975 533 4035; x_wconf 88' lang='lat' dir='ltr'>et</span> <span class='ocrx_word' id='word_1_255' title='bbox 546 3971 600 4035; x_wconf 85' lang='grc'>84.</span> <span class='ocrx_word' id='word_1_256' title='bbox 615 3970 659 4048; x_wconf 77' lang='lat' dir='ltr'>aci</span> <span class='ocrx_word' id='word_1_257' title='bbox 668 3973 773 4053; x_wconf 74' lang='lat' dir='ltr'>marg.</span> <span class='ocrx_word' id='word_1_258' title='bbox 818 3967 857 4032; x_wconf 91' lang='lat' dir='ltr'>In</span> <span class='ocrx_word' id='word_1_259' title='bbox 871 3974 1011 4050; x_wconf 63' lang='lat' dir='ltr'>unoque</span> <span class='ocrx_word' id='word_1_260' title='bbox 1025 3969 1104 4030; x_wconf 83' lang='lat' dir='ltr'>vero</span> <span class='ocrx_word' id='word_1_261' title='bbox 1119 3965 1194 4030; x_wconf 83' lang='lat' dir='ltr'>cod.</span> <span class='ocrx_word' id='word_1_262' title='bbox 1212 3965 1293 4046; x_wconf 77' lang='lat' dir='ltr'>legi·</span> 
     </span>
     <span class='ocr_line' id='line_1_33' title="bbox 193 4069 1293 4158; baseline -0.006 -20"><span class='ocrx_word' id='word_1_263' title='bbox 193 4077 246 4138; x_wconf 86' lang='lat' dir='ltr'>tur</span> <span class='ocrx_word' id='word_1_264' title='bbox 275 4069 486 4158; x_wconf 73' lang='lat' dir='ltr'>Gentiumque</span> <span class='ocrx_word' id='word_1_265' title='bbox 501 4071 624 4156; x_wconf 81' lang='lat' dir='ltr'>jacens,</span> <span class='ocrx_word' id='word_1_266' title='bbox 649 4077 684 4138; x_wconf 86' lang='lat' dir='ltr'>et</span> <span class='ocrx_word' id='word_1_267' title='bbox 706 4077 867 4157; x_wconf 82' lang='lat' dir='ltr'>praeterea</span> <span class='ocrx_word' id='word_1_268' title='bbox 889 4072 925 4135; x_wconf 87' lang='lat' dir='ltr'>in</span> <span class='ocrx_word' id='word_1_269' title='bbox 949 4069 1007 4134; x_wconf 78' lang='lat' dir='ltr'>ilio</span> <span class='ocrx_word' id='word_1_270' title='bbox 1031 4077 1210 4132; x_wconf 75' lang='lat' dir='ltr'>cunctorem</span> <span class='ocrx_word' id='word_1_271' title='bbox 1232 4084 1293 4152; x_wconf 84' lang='lat' dir='ltr'>pre</span> 
     </span>
     <span class='ocr_line' id='line_1_34' title="bbox 197 4169 1249 4238; baseline 0.006 -2"><span class='ocrx_word' id='word_1_272' title='bbox 197 4172 374 4238; x_wconf 70' lang='lat' dir='ltr'>stultorum.</span> <span class='ocrx_word' id='word_1_273' title='bbox 1245 4169 1249 4175; x_wconf 60' lang='grc'>’</span> 
     </span>
    </p>
   </div>
   <div class='ocr_carea' id='block_1_5' title="bbox 262 4351 1228 4420">
    <p class='ocr_par' dir='ltr' id='par_1_6' title="bbox 262 4351 1228 4420">
     <span class='ocr_line' id='line_1_35' title="bbox 262 4351 1228 4420; baseline -0.008 -13"><span class='ocrx_word' id='word_1_274' title='bbox 262 4351 349 4420; x_wconf 63' lang='grc' dir='ltr'>Μιλ-</span> <span class='ocrx_word' id='word_1_275' title='bbox 360 4361 385 4406; x_wconf 80' lang='lat' dir='ltr'>et</span> <span class='ocrx_word' id='word_1_276' title='bbox 400 4355 458 4408; x_wconf 82' lang='lat' dir='ltr'>i&#39;nr.</span> <span class='ocrx_word' id='word_1_277' title='bbox 470 4355 535 4408; x_wconf 75' lang='lat' dir='ltr'>ctae.</span> <span class='ocrx_word' id='word_1_278' title='bbox 712 4355 769 4406; x_wconf 63' lang='grc' dir='ltr'>διο.</span> <span class='ocrx_word' id='word_1_279' title='bbox 1174 4351 1228 4400; x_wconf 74' lang='grc'>21)</span> 
     </span>
    </p>
   </div>
   <div class='ocr_carea' id='block_1_6' title="bbox 0 0 1598 4917">
    <p class='ocr_par' dir='ltr' id='par_1_7' title="bbox 0 0 1598 4917">
     <span class='ocr_line' id='line_1_36' title="bbox 0 0 1598 4917; baseline 0 0"><span class='ocrx_word' id='word_1_280' title='bbox 0 0 1598 4917; x_wconf 95' lang='lat' dir='ltr'> </span> 
     </span>
    </p>
   </div>
  </div>
 </body>
</html>
