3184 4917
648 403 700 458 nn
721 407 804 456 aaa.
827 407 899 458 νυ.
1157 389 1176 399 “’
1244 397 1317 469 ,467

210 555 351 618 auctore
373 551 499 618 Fabio:
529 567 606 634 ergo
629 553 665 619 h.
687 553 710 618 1.
727 553 925 628 declarantia
948 551 998 618 -de
1026 559 1175 640 tyrannis
1203 560 1317 644 ejectio

213 651 377 718 canere?
420 653 559 738 Scoppa
583 663 743 740 provocat
767 656 810 719 ad
832 659 1062 724 anctoritatem
1081 660 1192 744 libelli¹
1212 649 1316 727 Mira·

211 757 330 822 biiium
350 756 577 835 Puteolorum,
599 760 634 822 in
665 777 733 840 quo
761 759 836 824 haec
864 761 1031 840 teguntur:
1061 761 1144 827 ‘Ad
1170 765 1317 830 radicem

211 861 335 926 nontin
364 859 481 938 Gauri,
510 861 553 926 ab
589 861 760 927 occidente
784 861 827 924 ad
854 862 1010 927 orientem
1039 881 1207 942 acoessas,
1237 868 1318 932 olim

209 963 310 1028 -vicua
331 961 405 1040 frit,
424 961 558 1027 Currite
572 962 695 1041 dictus,
705 963 878 1028 meridiem
896 966 1095 1050 respiciens,
1108 985 1197 1032 nnnc
1207 975 1332 1036 verae·

213 1068 281 1128 uu
295 1071 509 1144 carnuntum
530 1066 562 1128 is
576 1065 670 1130 locus
684 1065 794 1130 dictus
807 1062 942 1130 Comere
954 1070 1053 1150 quusi
1064 1066 1225 1144 Comma,-
1238 1090 1316 1136 nam

212 1167 306 1233 laena
317 1173 400 1244 erut,
415 1167 472 1232 ubi
490 1163 627 1230 Camere
640 1171 674 1230 et
684 1164 870 1249 Apothecae
885 1169 999 1234 multae
1013 1177 1118 1250 erant,
1131 1171 1168 1234 in
1189 1173 1313 1254 quibus
1341 1239 1351 1259 ,

210 1268 348 1336 navium
372 1267 639 1346 Puteolanorum,
662 1273 696 1332 et
723 1267 845 1334 Miseni
871 1269 1139 1356 Bmanornmqne
1162 1279 1316 1356 partum

209 1379 296 1438 dnus
311 1389 409 1438 snum
433 1371 677 1457 deportandum
693 1391 753 1456 per
767 1373 853 1438 elias
867 1373 1017 1454 regiones
1041 1372 1150 1439 Italiae
1173 1375 1316 1459 depone-

210 1473 318 1540 batur.
363 1474 432 1540 Hic
446 1475 541 1540 vicus
565 1492 654 1538 nunc
676 1479 831 1556 corrupte
853 1493 876 1538 a
898 1474 1146 1558 circumpositae
1170 1477 1315 1560 regions

211 1574 412 1654 homnibus,
434 1577 576 1641 mminie
599 1575 721 1640 vetusti
746 1575 883 1658 ignaue
911 1571 1074 1659 Campona
1100 1583 1253 1658 vocatum·
1273 1599 1315 1644 oo

209 1677 302 1760 qnod
317 1675 493 1760 Campani
509 1679 532 1742 i.
557 1699 589 1742 e.
610 1675 774 1760 Cepumti,
789 1695 811 1740 a
835 1674 996 1750 Cumanis
1020 1678 1143 1742 ibidem
1161 1679 1315 1748 dicimini

211 1796 285 1843 osae
308 1778 463 1844 conflictu
484 1780 647 1862 superae:
670 1779 714 1842 ob
736 1780 833 1864 cnjus
855 1777 1030 1842 conflictus
1048 1781 1241 1848 memoriam
1261 1789 1316 1848 cst

210 1877 352 1944 historia
367 1880 554 1964 composita
571 1876 704 1942 Camere
718 1880 820 1956 dicta,
836 1899 911 1961 qnae
926 1899 949 1942 a
962 1881 1127 1962 magistris
1140 1883 1175 1945 in
1189 1883 1314 1948 scholis

210 1979 473 2066 frequentissime
487 1981 668 2046 dicebatur.
714 1977 813 2044 Unde
835 1979 1027 2044 iuvenalia:
1046 1976 1170 2046 Occidit
1191 1982 1314 2048 miseros

215 2077 347 2146 Garrire
362 2105 389 2146 r.
400 2082 451 2144 ml
466 2082 556 2147 Haec
569 2083 666 2145 nimis
675 2082 771 2162 longe
786 2081 889 2163 petita
902 2080 1003 2144 etiam
1019 2080 1152 2146 Pithoeo
1162 2082 1314 2147 arrisisse

210 2182 348 2253 mireris.
392 2183 551 2266 Exagitet
564 2203 605 2248 ea
619 2183 775 2248 Politian.
792 2180 937 2246 Miscell.
952 2201 983 2245 c.
999 2182 1054 2247 33.

630 2501 883 2515 *m

571 2710 950 2788 EXCURSUS

611 2949 663 3000 An
680 2949 753 3002 SAT.
771 2949 909 3000 vluna

246 3140 468 3206 Acoenouo'e'tur
482 3135 957 3220 nomcnficticinmpaedagogi,
971 3136 1061 3220 qnod
1075 3136 1200 3201 reatitui
1214 3143 1307 3204 eret.

211 3242 324 3307 Sobel.
348 3241 405 3324 qni
427 3240 583 3323 exponit:
607 3235 808 3301 ‘Eunuchus
830 3235 1046 3320 paedagogus,
1067 3243 1126 3303 ant
1144 3241 1308 3303 communi

209 3361 324 3408 carens
339 3338 666 3420 sensu,(dncum6pr05)
680 3341 850 3424 proprium
861 3339 1017 3422 papatis?
1060 3338 1113 3404 cf.
1129 3338 1216 3405 Gell.
1233 3356 1306 3404 xm.

211 3443 264 3508 12.
280 3443 367 3508 etde
385 3451 522 3527 pappole
537 3459 611 3524 sup.
624 3439 667 3503 ad
689 3457 739 3504 vt.
754 3439 833 3504 638.
877 3439 1090 3502 Acoenorraetur
1105 3443 1164 3508 70.
1183 3443 1237 3506 75.
1253 3443 1309 3507 76.

208 3543 262 3610 81.
277 3543 331 3608 82.
355 3543 446 3626 qnod
467 3546 583 3624 putant
595 3559 669 3604 csse
691 3539 804 3605 Graec.
825 3537 1015 3619 ἀκοινώνητος,
1039 3542 1164 3605 alienus
1178 3561 1198 3606 e
1211 3541 1307 3605 fami·

207 3645 282 3711 lieri
306 3645 553 3721 consuetudine,
575 3643 627 3730 (ut
642 3663 697 3727 ap.
714 3641 785 3708 Cic.
803 3644 846 3707 ad
869 3639 1208 3727 Au.v1.1.et3.)et
1229 3642 1307 3706 hino

207 3767 374 3830 arrogans,
401 3747 455 3811 vel
482 3747 617 3828 rigidus,
646 3764 790 3808 severus.
850 3742 1006 3826 Grangaei
1028 3749 1107 3808 nota
1129 3751 1181 3808 est
1208 3744 1305 3809 hoec:

208 3847 425 3925 ’Ἂκοινώνητος
449 3847 581 3912 Graecis
610 3851 661 3910 est
689 3849 806 3908 exacte
833 3863 948 3908 verum
972 3851 1163 3927 rectumque
1194 3863 1307 3928 perse-

208 3971 335 4036 quens;
358 3951 411 4014 vel
431 3951 488 4033 qui
510 3949 591 4011 nihil
615 3947 714 4009 habet
731 3965 808 4010 cum
828 3947 896 4010 aiio
914 3951 1107 4024 commune3
1132 3953 1189 4010 ant
1211 3944 1306 4031 cujne

207 4054 289 4118 alter
302 4053 470 4135 particeps
483 4069 546 4112 non
561 4055 629 4112 est:
651 4048 704 4110 hic
725 4049 814 4112 enim
835 4047 1037 4132 paedagogus
1061 4047 1200 4129 partitur
1223 4047 1306 4112 alte·

207 4153 276 4218 rius
291 4150 487 4226 mercedem,
505 4155 647 4212 atnemo
662 4165 738 4212 cum
754 4147 836 4213 illo?
878 4149 947 4213 Sed
962 4147 1122 4213 Schnrnfi.
1129 4148 1202 4232 jam
1215 4154 1304 4214 recte
1361 4185 1365 4190 -

206 4253 345 4332 monuit,
360 4251 409 4316 ita
430 4249 635 4313 Acoenonetuc
651 4249 862 4314 scribendum
882 4269 968 4328 esse,
984 4249 1075 4335 qnod
1097 4253 1208 4314 tamon
1229 4249 1263 4314 h.
1279 4251 1303 4314 1.
1435 4260 1438 4264 “
