3184 4917
270 422 337 488 ἴω
565 438 613 485 nn
636 434 717 485 sur.
741 430 897 493 tucrurr,
921 430 1093 492 nostru,

272 572 439 639 excellunt
460 572 658 647 urbanitate,
675 568 859 651 argumenti
880 568 1076 651 praestsntia
1088 571 1123 629 ot
1146 563 1275 629 eximio
1291 568 1378 641 arto,

273 693 340 759 qua
354 673 487 737 easdem
502 692 594 755 stepo
615 691 667 735 res
685 670 779 735 veria
792 670 919 735 ratione
938 674 1067 746 uecta,
1080 668 1220 731 lectores
1233 666 1378 732 diemde

272 774 469 839 excursibus
491 772 843 854 observationibusque
865 771 920 835 vel
935 770 1078 833 deiectat
1097 769 1152 833 vei
1173 767 1282 844 docet,
1296 767 1379 830 utile

272 874 361 941 dulci
382 874 538 950 miscens,
554 892 669 937 sensus
691 890 772 935 suos
796 872 868 935 sive
892 872 1010 936 tectius
1024 871 1190 953 expromit
1204 870 1277 933 sive
1291 869 1375 933 iibe-

272 977 353 1053 rius,
376 981 409 1039 et
430 994 500 1051 coe,
516 974 559 1039 ad
578 993 662 1057 quos
680 973 809 1051 scribit,
824 972 939 1037 laudat
961 973 1017 1035 vel
1040 974 1160 1056 carpit,
1176 977 1211 1037 et
1228 973 1375 1035 bortatur

272 1078 327 1141 vel
340 1077 543 1142 dehortatur.
589 1076 681 1139 Idem
693 1076 855 1139 Horatius
864 1077 985 1140 satiras
999 1075 1227 1159 epistolasque
1239 1072 1377 1138 notissi-

273 1180 336 1245 mis
353 1179 545 1261 plerumque
560 1182 594 1241 ot
608 1177 802 1241 clarissimis
819 1176 989 1258 inscripsit
1001 1175 1094 1253 viris,
1110 1174 1247 1239 Persius
1259 1180 1295 1239 et
1314 1172 1378 1237 Ju-

274 1280 400 1345 venaiis
415 1279 536 1363 ignotis
560 1280 629 1343 fere
652 1282 686 1343 ot
714 1278 880 1341 obscuris.
925 1276 1013 1341 Illud
1032 1277 1207 1361 plurimum
1224 1275 1306 1341 fecit
1332 1274 1378 1340 ed

275 1380 372 1447 fidem
396 1386 430 1443 et
455 1382 685 1447 auctoritatem
708 1379 910 1461 augendum
930 1380 997 1444 boo
1020 1399 1098 1443 vcro
1120 1383 1305 1461 temporum
1327 1376 1379 1441 di·

273 1481 424 1545 versitati
438 1482 645 1545 tribuendum
659 1484 720 1558 est,
733 1499 842 1562 neque
849 1479 960 1562 po‘etis
973 1478 1056 1545 vitio
1070 1478 1228 1543 dandum.
1273 1476 1376 1541 Multi

274 1586 436 1667 preterea
457 1582 621 1659 hominos,
635 1581 825 1645 nominibus
845 1586 968 1645 tanturm
989 1582 1075 1659 noti,
1097 1598 1279 1662 eorumque
1296 1576 1380 1643 stul·

273 1682 348 1747 titia
362 1688 430 1749 *eut
458 1684 640 1767 turpitudo,
666 1704 687 1748 e
710 1684 893 1748 triumviris
918 1684 985 1747 illis
1014 1702 1079 1747 uno
1107 1682 1176 1745 fero
1207 1680 1380 1763 alteroque

274 1786 386 1862 sorbo,
413 1804 434 1849 a
457 1783 622 1851 iuvenale
641 1805 721 1849 vero
744 1784 871 1868 pessim
895 1784 1065 1867 copiosius
1088 1787 1252 1847 notantur.
1297 1781 1377 1845 Hoc

273 1885 399 1949 ratione
426 1904 661 1968 nonuunquam
694 1885 747 1949 vis
782 1885 916 1949 sadrica
936 1884 1110 1964 minuitur3
1146 1883 1206 1947 ilia
1231 1882 1380 1947 tenebre)

274 1987 388 2051 multis
399 1986 604 2051 obducuntur
617 1985 714 2064 locis,
729 1985 772 2051 ad
786 2004 929 2068 quorum
942 1986 1137 2051 sententiam
1151 1985 1281 2068 penitus
1301 2000 1380 2065 per-

275 2086 482 2170 spiciendam
497 2087 673 2170 plurimum
687 2087 799 2167 refert,
814 2089 898 2151 bene
916 2106 1017 2153 nosse
1030 2088 1179 2152 homines
1202 2104 1241 2149 ac
1256 2103 1320 2161 res,
1337 2083 1380 2147 do

275 2188 396 2272 quibus
411 2189 529 2270 agitur.
574 2188 772 2253 obscuritas
792 2196 903 2253 temen
924 2189 1013 2267 brec,
1026 2208 1072 2253 ex
1094 2188 1278 2269 ignorantia
1295 2185 1380 2249 mul·

277 2296 384 2354 turum
407 2310 527 2367 rerum,
543 2291 586 2354 ed
607 2310 692 2373 quas
713 2292 853 2355 latenter
871 2290 1036 2367 alluditur,
1051 2290 1210 2373 prosecta,
1224 2286 1380 2351 omnibus

275 2387 387 2473 poetis
401 2390 546 2454 satiricis
560 2396 611 2454 est
624 2392 820 2469 communis,
835 2392 1035 2473 ncquevitio
1048 2393 1091 2455 iis
1106 2392 1272 2467 vertendo,
1281 2390 1380 2474 quip-

276 2508 320 2575 pe
342 2490 400 2573 qui
421 2491 491 2555 suis
506 2491 716 2574 potissimum
730 2491 950 2574 popularibus
963 2492 1121 2569 scribrmt,
1136 2492 1258 2575 quibus
1274 2490 1381 2555 multa

275 2594 354 2655 sunt
367 2592 556 2669 notissimo,
570 2611 647 2675 quse
662 2612 725 2657 nos
741 2594 971 2675 ignoremus¹⁰

318 2690 446 2758 Preeter
464 2694 656 2759 dramaticre
679 2696 930 2779 compositionis
951 2694 1128 2761 artificium
1149 2696 1249 2759 etiem
1271 2690 1380 2768 eliud,

274 2793 374 2879 idque
401 2814 468 2859 non
495 2796 605 2859 miuus
628 2797 832 2878 ingeniosum
862 2802 1070 2881 gratumque,
1107 2795 1252 2861 Horatio
1279 2810 1381 2877 poeue

276 2896 449 2979 proprium
463 2903 514 2961 est
524 2898 558 2961 iu
572 2916 680 2963 rerum
694 2898 882 2963 inventione
895 2916 937 2962 ac
951 2898 1181 2983 dispositione,
1194 2898 1258 2963 etsi
1270 2895 1383 2977 magis

775 3076 882 3129 NOTAE

309 3168 341 3214 1⁰
358 3164 434 3215 ‘Jam
444 3181 458 3214 e
470 3167 579 3216 satiricis
589 3170 755 3231 nostratibus,
764 3172 808 3235 qui
848 3172 956 3223 ticorum
968 3172 1145 3234 sagacitatem,
1157 3170 1253 3221 nedum
1270 3185 1377 3223 acumen

275 3241 403 3290 Romsnos
414 3241 508 3303 passim
520 3242 603 3289 secuti
620 3250 689 3303 suut,
702 3244 807 3307 quique,
846 3248 1022 3297 recentiorum
1041 3248 1223 3309 interpretum,
1239 3246 1282 3311 qui
1305 3261 1377 3309 srope

275 3320 334 3367 cust
356 3314 483 3365 derebus
500 3316 808 3383 loquenturqootidisno
846 3330 934 3373 tumen
954 3323 1011 3387 pins
1029 3322 1150 3371 viderunt
1166 3336 1242 3387 quem
1262 3328 1376 3383 veteres,

276 3404 324 3441 usu
336 3390 413 3450 tritis,
430 3389 559 3443 faciliores
575 3392 710 3445 intellectu
730 3394 806 3445 uobis
846 3398 950 3461 penitus
962 3397 1126 3462 preterieris.
1159 3396 1245 3449 Quid?
1259 3396 1330 3461 quod
1349 3396 1378 3447 in

274 3468 326 3515 sint
349 3480 455 3516 necesse
473 3475 524 3529 est,
545 3469 699 3531 conjecturs
719 3484 807 3531 porsu·
847 3473 976 3523 nonnullis
996 3474 1059 3523 iocis
1081 3474 1138 3537 pins
1161 3488 1246 3537 sensu,
1260 3489 1311 3523 uon
1331 3474 1383 3538 ino,

275 3556 332 3592 mur
349 3542 460 3609 assequi,
472 3558 547 3607 quam
557 3545 638 3593 mults
654 3544 680 3592 in
696 3544 806 3595 Horstio
846 3548 950 3614 quidem
960 3551 1025 3599 sotir
1037 3550 1175 3614 explicato,
1187 3550 1324 3613 percipere
1335 3564 1378 3598 no·

275 3632 327 3669 nou
342 3618 434 3682 scium,
454 3634 541 3668 vorum
555 3619 635 3669 etism
653 3618 680 3669 tn
700 3620 806 3685 reliquis
849 3625 889 3675 bis
904 3626 1029 3688 ridemur,
1046 3640 1124 3691 quam
1138 3625 1227 3676 uerbis
1243 3624 1378 3675 decisrrrs

275 3702 423 3757 occurrant,
434 3711 502 3759 quse,
513 3695 562 3745 etri
572 3695 684 3745 animum
692 3703 808 3747 nostrum
849 3716 988 3763 possumus.
1021 3703 1122 3755 Quibus
1140 3714 1228 3753 temen
1244 3702 1321 3753 rebus
1340 3702 1380 3753 in·

276 3772 405 3827 inunitam
415 3778 515 3836 partem
527 3786 595 3821 nunc
608 3771 711 3836 quidem
722 3786 807 3822 move·
848 3776 982 3842 dependis,
998 3778 1020 3827 si
1042 3778 1068 3827 iu
1086 3780 1198 3843 antiquis
1215 3778 1379 3827 monimentis

277 3852 331 3908 sut,
350 3848 375 3895 in
390 3848 553 3911 popularium
567 3855 667 3897 mentes
679 3863 771 3913 msgns
782 3850 808 3898 ri
847 3853 910 3903 nihii
921 3854 965 3916 sit,
982 3870 1033 3919 quo
1044 3854 1144 3918 niteris,
1155 3868 1205 3903 non
1221 3868 1378 3919 magnopere

275 3923 519 3987 nonnusquam
530 3924 556 3972 io
569 3924 631 3987 ipris
644 3924 737 3986 verbis,
747 3940 813 3988 quoe·
847 3928 1032 3992 indulgendum
1048 3944 1150 3991 censeo,
1167 3944 1200 3979 no
1218 3930 1245 3978 to
1267 3928 1378 3993 ineptis«

275 3997 440 4061 adhibentur,
458 3999 485 4047 iu
496 4012 584 4047 corum
598 3996 667 4049 flexu
684 4006 712 4049 et
729 4000 807 4048 coilo·
847 4018 903 4051 ruru
913 4011 941 4051 et
952 4004 1107 4053 somniorum
1114 4006 1277 4069 campomis
1288 4014 1378 4053 ornnes

276 4073 379 4122 catione
391 4074 476 4138 sliqus
487 4072 525 4121 ris
536 4074 617 4122 intere
628 4074 720 4137 possit,
736 4088 806 4139 que,
847 4085 935 4141 partes
948 4078 1001 4129 iate
1014 4086 1156 4142 patentem,
1173 4078 1315 4144 pssumis
1331 4078 1377 4127 im·

275 4162 334 4199 cum
343 4162 437 4212 rerum,
445 4150 476 4202 nd
489 4164 552 4215 quus
559 4156 630 4200 tecte
642 4151 750 4201 ulturum
761 4152 806 4215 sit,
846 4158 910 4214 petn
922 4154 1065 4217 deducaris,
1073 4155 1142 4205 unde
1157 4156 1241 4203 exitus
1255 4151 1324 4202 bend
1335 4159 1378 4202 cst

277 4224 359 4287 ignari
370 4222 477 4288 suerint,
495 4226 536 4279 vei
553 4230 668 4277 ustorum
682 4240 807 4291 troarne·
845 4227 971 4283 infaciit'
1004 4230 1100 4295 Krenig
1110 4230 1207 4282 debat.
1218 4231 1290 4280 Rom.
1298 4244 1325 4295 p.
1335 4234 1376 4280 st.
