3184 4917
537 420 748 485 russiam·
770 422 995 473 rovensem.
1230 406 1309 472 ,107

204 584 270 654 qne
282 566 546 645 accommodata,
571 569 615 631 ab
630 569 708 651 ipsa
721 570 861 632 veritate
874 574 1042 651 suggesta,
1056 568 1158 634 menti
1172 570 1307 653 penitus

202 670 309 746 infixa
322 670 462 746 haerens,
485 674 519 733 et
538 686 613 733 eam
628 671 773 735 suaviter
788 668 946 734 afficiens.
991 670 1127 735 Horatii
1148 678 1309 755 praeterea

204 771 415 855 philosophia
435 776 486 835 est
509 770 681 851 iliardae,
707 790 784 857 quae
809 772 918 851 docet,
944 772 1138 855 potentiam,
1162 772 1307 851 divitias,

204 876 374 937 exterrrum
389 872 608 957 splendorem,
635 880 669 939 et
683 876 832 957 vulgaria
854 874 1024 937 hominum
1038 872 1150 937 studia
1162 878 1309 939 contem·

204 988 280 1037 nere
301 992 343 1039 ac
363 972 521 1051 deridere,
546 975 593 1037 nil
608 974 772 1053 admirari,
795 976 828 1039 h.
843 995 873 1038 e.
897 974 995 1038 valde
1009 974 1063 1038 vel
1084 980 1230 1039 metuere
1253 974 1310 1038 vel

206 1093 335 1158 cupere,
377 1075 648 1159 tranquillitatem
675 1078 805 1167 mentis,
845 1076 948 1149 otium
983 1082 1017 1139 et
1042 1076 1310 1141 mediocritatem

205 1194 355 1243 securam
365 1176 521 1254 hominis,
542 1195 609 1241 non
623 1179 656 1241 in
671 1178 758 1255 aula,
773 1178 833 1241 sed
854 1179 889 1241 in
910 1194 1045 1241 recessu
1058 1177 1161 1241 libere
1179 1196 1221 1240 ac
1243 1177 1310 1242 sihi

205 1278 357 1356 ι’ὶιιιιιιὶιι,Ι
373 1296 573 1344 summorum
587 1282 748 1344 bonorum
764 1281 840 1345 loco
853 1284 983 1363 putare,
997 1281 1097 1343 rebus
1112 1279 1195 1358 suis,
1210 1280 1310 1343 etium
1380 1358 1384 1371 Ι

206 1379 348 1462 exigitis,
371 1385 561 1445 contentum
585 1400 671 1458 esse,
711 1382 932 1463 praesentibus
959 1382 1038 1444 laete
1060 1380 1135 1457 frui,
1165 1398 1233 1444 non
1254 1398 1310 1444 so·

205 1478 332 1545 licitum
354 1480 538 1558 defuturis,
553 1480 607 1546 vel
622 1482 768 1545 externis
782 1482 965 1545 obnoxium
979 1500 1066 1559 esse,
1080 1500 1187 1565 neque
1202 1487 1309 1560 extra,

206 1580 264 1645 sed
288 1582 374 1645 intra
399 1600 436 1645 se
463 1600 577 1647 veram
600 1600 747 1667 quaerere
769 1580 972 1661 felicitatem,
997 1583 1161 1647 fortunam
1191 1602 1213 1646 a
1233 1582 1309 1647 Deo

207 1690 319 1765 petere
330 1687 364 1745 et
377 1702 399 1746 a
412 1700 450 1746 se
462 1684 539 1766 ipso
554 1702 682 1747 sumere
696 1682 896 1765 sapientiam
909 1684 1078 1764 animique
1089 1683 1296 1765 aequitatem.

253 1782 431 1861 Horatius,
447 1786 640 1848 allectores
662 1788 694 1847 et
716 1784 852 1846 suavius
864 1782 1008 1847 afficeret
1028 1788 1062 1846 et
1073 1782 1310 1861 vehementius,

205 1884 318 1949 multis
340 1886 451 1949 satiris
472 1885 526 1950 rel
547 1886 763 1969 epistolarum
793 1886 849 1949 rel
871 1885 1045 1949 dramatici
1067 1884 1223 1949 carminis
1245 1883 1312 1948 t‘or·

207 2005 296 2051 mam
317 1986 433 2051 induit.
487 1986 672 2069 Utramque
700 1988 860 2049 rationem
877 1989 997 2051 secuti
1017 1993 1093 2052 sunt
1122 1984 1258 2050 Persius
1279 1989 1313 2049 et

204 2088 388 2155 Juvenalis.
433 2090 511 2167 Sed,
524 2096 561 2154 ut
574 2095 716 2168 taceam,
728 2091 771 2154 ab
784 2090 839 2153 his
852 2109 951 2153 unam
966 2095 1093 2153 tantam
1108 2088 1310 2172 alteramque

208 2194 402 2259 mennam
424 2196 459 2256 et
481 2192 661 2275 argumenti
674 2196 819 2274 partem,⁴
829 2208 998 2272 nunqnam
1012 2208 1091 2253 vero
1111 2186 1194 2252 illud
1207 2193 1313 2253 totum

206 2294 242 2358 in
267 2294 387 2358 drama·
413 2302 447 2359 et
474 2294 636 2358 actionem
662 2294 819 2370 converti,
850 2292 958 2357 Persii
987 2291 1139 2374 dialogus
1168 2288 1312 2375 poetice

209 2396 348 2460 similior
359 2402 410 2460 est
430 2395 557 2479 figurae,
573 2414 685 2479 quarn,
701 2400 740 2459 ut
762 2394 981 2471 Horatianus,
996 2391 1118 2457 vividae
1139 2410 1249 2455 rerum
1261 2404 1315 2455 ro·

207 2498 464 2579 presentationi,
493 2514 570 2580 quae
588 2513 719 2579 magna
755 2495 989 2560 sententiarum
1011 2493 1184 2571 varietate,
1206 2493 1314 2575 gratia

206 2614 248 2659 ao
262 2598 419 2674 novitate,
433 2596 604 2679 ingenioso
619 2614 838 2680 personmum
852 2594 993 2672 delectu,
1007 2600 1041 2657 et
1060 2595 1312 2675 insigni-earnm

206 2696 376 2782 cogitandi
399 2696 619 2781 loquendique
641 2697 855 2780 proprietate,
879 2696 1019 2759 mirifice
1038 2693 1210 2758 delectat.t
1251 2692 1314 2756 Ju-

207 2796 335 2869 uenalis
366 2798 491 2881 saepius
521 2797 672 2861 docentis
695 2801 753 2859 aut
782 2796 999 2861 declamantis
1029 2800 1141 2877 partes
1167 2792 1315 2867 sustinet,

208 2916 309 2981 quam
329 2900 414 2963 ahos
438 2898 665 2983 colloquentes
679 2897 826 2962 inducit:
848 2897 947 2981 hujus
968 2903 1080 2961 nmen
1100 2894 1181 2957 artis
1203 2891 1314 2957 Hora·

205 3000 308 3065 tianae
330 2999 493 3065 delectrm
514 3004 709 3082 compensat
727 2998 851 3064 vindis
871 3016 980 3062 rernm
1002 2996 1216 3079 imaginibus,
1240 3012 1315 3058 sen·

204 3100 381 3167 laudarum
396 3102 533 3167 veritate
555 3106 588 3165 et
607 3100 782 3184 marium,
811 3099 1033 3183 dictionisque
1056 3096 1312 3182 proprietate.-

208 3198 265 3265 Ab
280 3202 398 3267 iisdem
414 3200 537 3286 potus,
552 3202 611 3267 sed
632 3220 654 3265 a
676 3202 795 3267 Persio
810 3206 844 3267 et
863 3200 1028 3267 Juvenale
1051 3200 1189 3284 saepius,
1209 3217 1313 3281 qnam

208 3302 258 3365 ab
267 3302 426 3381 Horatio,
437 3302 550 3369 induci
562 3304 668 3368 solent
682 3302 873 3380 adversarii,
887 3321 929 3365 no
943 3301 1023 3366 licto
1036 3300 1169 3386 quidem
1181 3297 1314 3363 nomina

209 3402 364 3485 insigniti.
421 3402 509 3482 Quae
534 3424 587 3468 ars
606 3423 671 3469 non
694 3408 755 3481 est,
778 3404 869 3489 quod
894 3402 995 3465 nobis
1017 3401 1214 3486 displiceat:
1237 3419 1315 3463 nam

209 3492 375 3587 pulchrior
396 3509 447 3569 est
471 3506 583 3586 imago
606 3510 641 3571 et
663 3502 843 3580 efficacior,
866 3523 943 3588 qnae
965 3502 1121 3585 personis
1144 3501 1315 3565 animatur.

206 3592 388 3679 'Enimvero
402 3607 508 3671 multa
522 3613 698 3671 occurrunt
711 3606 799 3682 loca,
814 3606 850 3668 in
872 3604 996 3688 quibus
1018 3619 1086 3664 non
1107 3602 1190 3664 satis
1210 3598 1317 3662 mani·

210 3704 314 3773 testas
328 3712 380 3772 est
401 3706 565 3791 dialogus,
580 3712 614 3771 et
633 3708 667 3771 in
691 3706 793 3771 dubio
806 3706 961 3789 positum,
975 3707 1087 3766 utrum
1107 3701 1221 3776 rerba,
1234 3716 1315 3799 quaa

210 3808 370 3890 leguntur,
379 3808 447 3873 sint
458 3807 640 3873 adversarii
653 3806 778 3890 aliquid
793 3804 1003 3888 opponentis,
1012 3822 1055 3866 an
1064 3800 1175 3886 politae
1189 3799 1316 3865 ironice

212 3906 539 3993 loquentia-Quod
561 3908 606 3973 ad
626 3906 788 3992 epistolas
812 3904 938 3981 attinet,
952 3902 1150 3968 Homuanae
1171 3900 1318 3969 maxime

714 4093 821 4146 Nom

418 4228 435 4275 o
451 4224 486 4277 v.
499 4221 617 4281 witland
635 4224 668 4275 sd
685 4224 778 4276 llorat.
790 4222 891 4276 Set.1rr.
901 4225 927 4273 2.
939 4222 963 4271 t.
976 4222 1002 4270 t.
1014 4223 1043 4267 et
1052 4224 1078 4267 s.
