3184 4917
537 1107 986 1205 SERENISSIMO
1030 1130 1061 1196 s

344 1439 1172 1581 DELPHINO

493 1842 770 1912 LUDOVICUS
793 1840 1027 1909 FRATEUS.

669 2132 848 2155 nonomen

207 2310 308 2401 Nnc
323 2330 485 2397 Satiricos
499 2330 666 2398 evolvisse
688 2332 803 2416 pigeat
826 2329 888 2410 Te,
914 2330 1172 2397 Sacramenta
1196 2330 1313 2397 Petn-

207 2449 309 2499 cnes.
354 2432 433 2513 Quo
447 2434 603 2517 amplius
618 2437 689 2497 tum
713 2432 908 2498 domesticis
930 2433 1096 2517 exemplis
1114 2438 1183 2497 tum
1202 2432 1313 2498 indole

200 2534 361 2625 propria,
370 2533 414 2598 ad
424 2554 519 2599 omne
534 2535 658 2599 bonum
671 2534 844 2599 institutus
859 2553 915 2614 es3
936 2535 1001 2600 hoc
1015 2536 1121 2618 magis
1131 2534 1313 2600 delectabit

207 2634 438 2701 Romanorum
453 2636 545 2713 vitia,
563 2656 640 2721 quae
654 2641 689 2701 et
701 2640 817 2700 nostra
831 2642 920 2713 sunt,
934 2635 1047 2700 videre
1071 2638 1196 2720 passim
1222 2636 1314 2702 dam-

206 2744 307 2819 nata3
340 2738 494 2803 virtutem
518 2758 598 2804 vero
621 2738 745 2821 ubique
768 2737 957 2815 amabilem,
983 2739 1106 2822 ubique
1130 2740 1312 2805 laudatam.

206 2838 309 2906 Forte
322 2842 423 2905 etiam
436 2841 584 2923 placebit
593 2838 759 2905 diversum
771 2838 920 2903 consens
930 2841 1101 2923 utriusque
1111 2842 1175 2905 viri
1189 2842 1313 2925 stylum

206 2948 242 3008 et
268 2942 442 3026 ingenium,
458 2941 564 3007 eidem
588 2947 698 3006 tamen
720 2940 841 3007 Satirae
864 2940 966 3005 nihilo
991 2942 1102 3005 secius
1127 2949 1313 3026 operatum.

206 3042 404 3109 Facundum
428 3043 505 3108 hinc
533 3043 685 3123 Podtam,
708 3049 746 3109 ut
771 3044 901 3123 acriter,
925 3043 975 3108 sic
1000 3049 1033 3109 et
1056 3043 1187 3123 diserte,
1202 3047 1313 3113 scelus

205 3147 474 3230 proscribentem,
488 3166 553 3211 non
577 3147 648 3211 sine
670 3146 843 3229 veluptate
862 3146 1075 3229 comparabis
1090 3166 1166 3211 cnm
1180 3168 1314 3213 morosa

203 3248 276 3327 illa,
289 3250 414 3328 stricta,
429 3248 521 3314 salsa
534 3248 710 3314 dicacitate
725 3248 848 3327 Persii,
871 3268 1022 3313 severam
1039 3248 1228 3314 Stoicorum
1242 3250 1311 3315 dis·

204 3348 365 3435 ciplinam
388 3356 519 3414 strenue
536 3350 747 3416 venditantis.
794 3347 899 3433 Apud
924 3349 1013 3417 hunc
1037 3356 1126 3415 certe
1148 3352 1313 3434 praeclara

204 3455 258 3516 tot
283 3450 459 3535 sapientiae
481 3450 615 3516 oracula
634 3470 700 3515 non
723 3450 955 3537 aspernabere.
999 3449 1102 3536 Apud
1121 3452 1213 3517 illum
1233 3471 1313 3518 vero

205 3570 309 3636 quam
336 3552 442 3617 multa
468 3556 650 3631 occurrent,
674 3551 889 3637 jucundeque
910 3553 1011 3635 leges,
1040 3552 1192 3619 felicibus
1218 3553 1312 3623 bisce

204 3654 409 3737 temporibus
424 3653 693 3720 accommodata!
716 3650 806 3720 Hac
828 3653 982 3737 inprimis
1003 3652 1191 3719 Lnnoth
1214 3672 1306 3737 mag·

203 3754 388 3821 altudinem
402 3755 626 3821 exhibebunt:
680 3804 685 3809 -

282 3852 340 3919 'Et
354 3877 419 3942 epea
432 3867 463 3921 et
475 3856 556 3921 ratio
570 3854 741 3921 stadiorum
755 3855 788 3919 in
806 3852 926 3921 cesare
939 3864 1073 3935 tentum,

294 3954 386 4021 Solus
401 3957 482 4023 enim
498 3958 600 4023 trister
614 3956 671 4023 dac
687 3966 863 4046 tempestate
880 3956 1040 4023 Camoenm

298 4054 459 4147 Respexit.

205 4162 294 4229 Item
307 4163 392 4229 ista:

291 4264 366 4350 Spes
379 4264 452 4330 vite
467 4287 535 4331 cum
552 4264 622 4332 Sole
638 4264 729 4333 redit.

271 4382 397 4449 nepae
412 4382 469 4437 aar.
482 4384 548 4434 cta.
720 4384 777 4433 ne
