3184 4917
272 408 294 477 8
725 418 933 472 PRAEFATlO.

270 590 312 639 eo
326 570 469 637 lucidior
482 574 570 635 esset
587 569 689 634 series
712 571 971 648 annotationum,
984 573 1163 654 nostraque
1177 569 1311 637 facilius
1326 573 1373 638 ab

270 674 387 738 alicnis
410 672 552 737 discerni
575 677 722 755 possent,
737 673 794 738 illa
818 659 1063 736 Commentario
1077 673 1372 757 subjiciendacen·

270 778 332 853 sui,
348 778 433 841 hunc
448 794 540 854 vero,
558 795 634 839 cum
647 775 810 858 prolixior
823 780 921 853 esset,
937 794 1038 857 quam
1053 780 1102 852 ut,
1124 775 1166 838 ad
1180 776 1371 859 exemplum

268 878 402 961 Virgilii
415 878 585 961 Hcyniani
598 879 768 961 nostrique
784 877 872 954 Silii,
895 878 1020 941 criticis
1044 879 1289 942 subnecteretur
1308 897 1369 941 no·

266 981 321 1057 tis,
342 980 385 1043 ab
400 981 443 1044 iis
457 979 692 1062 sejungendum
705 979 820 1043 curavi
835 984 868 1042 et
884 979 1064 1062 separatim
1077 980 1168 1062 typis
1183 980 1371 1062 exprimen-

263 1080 358 1146 dum.
417 1082 458 1145 In
486 1080 621 1147 easdem
647 1087 757 1159 notas,
788 1083 1019 1146 commentario
1047 1101 1215 1163 aspersas,
1239 1082 1369 1166 conjeci

264 1188 334 1247 turn
363 1185 521 1267 exempla
549 1183 703 1247 dictionis
730 1183 873 1266 alicujus
896 1187 954 1246 aut
982 1183 1166 1264 elegantiae,
1196 1189 1265 1246 tum
1293 1183 1368 1245 loca

264 1288 408 1350 veterum
435 1288 643 1370 scriptorum,
669 1286 703 1348 in
732 1284 832 1348 rebus
860 1283 1040 1360 historiciS,
1055 1284 1297 1367 geographicis
1324 1303 1366 1347 ac

262 1386 419 1471 mythicis
444 1407 465 1451 a
490 1406 543 1451 me
571 1386 717 1451 laudata.
777 1385 908 1449 Horum
940 1385 1023 1449 forte
1050 1405 1118 1449 non
1146 1385 1282 1449 deerunt
1309 1386 1368 1469 qui

262 1488 398 1555 nimiam
411 1488 648 1572 reprehendant
662 1488 813 1571 copiam:
847 1507 920 1551 earn
945 1493 1054 1551 tamen
1076 1508 1118 1552 ex
1143 1506 1231 1552 vano
1256 1488 1366 1551 crudi-

261 1590 363 1655 tionis
378 1592 583 1656 ostentandae
600 1591 712 1657 studio
726 1590 911 1675 profectam
925 1590 1109 1652 existimari
1122 1589 1244 1669 nolim3
1267 1595 1301 1654 et
1311 1610 1365 1654 res

256 1692 383 1776 justam
401 1694 650 1757 excusationem
672 1692 793 1755 habere
813 1690 954 1753 videtur.
999 1689 1148 1752 Primum
1163 1690 1251 1753 enim
1272 1691 1363 1755 haud

260 1793 435 1877 dissimilo,
462 1812 515 1857 me
540 1814 670 1858 omnem
693 1794 826 1858 dedisse
849 1810 996 1875 operam,
1018 1798 1056 1855 ut
1081 1811 1183 1874 quam
1208 1792 1361 1875 plurimis

259 1895 485 1959 satisfacerem
497 1914 507 1975 ;
529 1915 633 1978 neque
648 1913 727 1958 vero
741 1894 946 1975 ignorabam,
956 1892 1137 1975 permultos
1150 1893 1250 1956 etiam
1263 1893 1362 1957 hodie

259 2014 333 2061 esse
364 1997 457 2061 viros
485 1998 710 2074 doctissimos
737 1995 858 2078 quibus
886 1995 960 2058 baec
982 2013 1092 2057 rerum
1119 1995 1361 2077 verborumque

257 2097 525 2161 illustrandorum
550 2098 633 2161 ratio
660 2097 811 2175 arrideat,
848 2115 924 2179 quae
954 2096 1033 2159 olim
1061 2094 1175 2159 Nicol.
1204 2096 1361 2175 Heinsio,

257 2197 1362 2281 Burmannis,Broeclrhusio‚Schradero,Drakenborchio,aliisque

256 2301 367 2383 magui
381 2302 522 2364 nominis
533 2302 721 2365 hominibus
733 2302 955 2385 probabatur:
978 2319 1119 2387 quorum
1135 2306 1245 2364 tamen
1258 2299 1360 2364 vesti·

256 2402 312 2483 gia
334 2403 464 2465 nonita
487 2406 617 2467 secutus
642 2420 725 2481 sum,
745 2408 783 2466 ut
806 2402 965 2483 exempla
986 2407 1111 2466 tautum
1134 2400 1359 2483 exquisitioris

255 2502 414 2586 loquendi
438 2504 553 2568 formae
583 2506 794 2583 cumularem,
820 2506 911 2569 nulla
931 2505 1049 2571 habita
1076 2504 1203 2569 ratione
1224 2503 1359 2585 originis

255 2603 330 2689 ejus
343 2606 397 2671 vel
411 2626 536 2685 causae,
551 2605 673 2672 indolis
689 2626 729 2672 ac
750 2606 970 2690 significatus,
984 2627 1047 2671 nec
1063 2606 1230 2671 admonito
1251 2605 1293 2669 de
1315 2606 1359 2670 iis

253 2706 387 2786 lectore,
402 2710 468 2773 nisi
481 2709 565 2775 sorte
583 2709 642 2774 illa
655 2709 709 2773 vel
728 2730 772 2774 ex
796 2710 882 2775 locis
904 2710 1058 2792 ascriptis
1072 2710 1155 2773 satis
1168 2708 1306 2789 intelligi
1326 2712 1360 2771 et

172 2822 177 2831 ·
252 2809 435 2893 legentibus
454 2812 527 2896 jam
545 2812 608 2878 bac
624 2811 873 2897 compendiaria
893 2814 959 2890 via,
981 2832 1048 2896 qua
1061 2812 1183 2875 chartae
1198 2810 1357 2893 parcitur,

253 2912 287 2975 in
301 2914 489 2979 memoriam
505 2917 655 2980 revocari
666 2922 816 3001 possent,
830 2917 884 2980 vel
902 2916 951 2980 ibi
966 2916 1010 2979 ab
1023 2914 1112 2993 aliis,
1132 2930 1274 2996 quorum
1287 2911 1357 2975 edi-

252 3011 357 3076 tiones
370 3032 410 3083 ac
430 3015 505 3079 libri
519 3018 667 3081 omnium
678 3017 747 3082 scre
761 3019 913 3082 manibus
923 3022 1079 3093 temnmr,
1098 3016 1171 3100 jam
1185 3014 1357 3097 explicata

250 3120 374 3179 essent.
419 3116 551 3182 Deinde
563 3119 597 3182 in
612 3118 806 3184 doctissimo
816 3119 919 3203 potita
929 3116 1172 3200 interpretando
1185 3117 1355 3193 versabar,

249 3214 286 3279 in
300 3236 367 3299 quo
379 3218 575 3283 adhibendae
595 3220 671 3283 talis
695 3218 888 3283 cruditionis
902 3218 1044 3282 facultas
1058 3223 1091 3279 et
1104 3214 1212 3296 major
1226 3218 1306 3291 erat,
1321 3220 1355 3279 ct

250 3317 360 3401 aptior
373 3324 472 3403 atque
485 3320 606 3385 utilior.
662 3319 832 3385 Praetereo
845 3319 880 3384 id
894 3320 959 3400 egi,
974 3322 1093 3381 utnon
1107 3318 1228 3379 tirones
1242 3314 1353 3395 modo,

248 3416 467 3484 sederuditos
480 3440 611 3503 quoque
624 3420 772 3487 homines
799 3426 834 3485 et
852 3419 1037 3505 juventutis
1059 3417 1269 3503 potissimum
1281 3436 1352 3481 ma·

248 3515 369 3601 gistros
384 3540 489 3586 meam
505 3522 528 3586 J
529 3521 681 3586 uveualis
694 3521 875 3587 editionem
890 3522 1100 3587 consuluisse
1116 3517 1204 3584 haud
1217 3520 1353 3583 omuino

748 3690 855 3742 NO'l'AE

246 3806 296 3857 ‘et
315 3822 401 3873 nsum,
425 3808 667 3881 constituunturque
694 3818 779 3869 omnis
818 3816 827 3847 ⁴
839 3817 895 3867 dies
914 3816 941 3868 in
957 3815 1083 3881 majorem
1099 3818 1258 3867 contemtum
1270 3810 1350 3863 tddss·

246 3881 313 3942 ‘sia
331 3890 361 3933 nt
372 3890 400 3934 et
417 3885 448 3935 ils
464 3888 595 3951 capiendis
607 3905 655 3954 par
671 3894 706 3943 sit
725 3896 778 3945 sni·
817 3896 911 3949 ‘estur
930 3892 1024 3945 avitis
1040 3888 1222 3957 prudentibus,
1239 3902 1284 3937 ⁸0¹¹
1304 3887 1349 3951 ‘1¹¹¹

246 3959 323 4011 ‘mus
335 3965 362 4011 et
374 3962 523 4012 veroetiam
534 3966 628 4016 ceteris
636 3968 777 4035 disciplinis
817 3970 887 4023 ‘sibi
897 3967 1039 4033 prudentes
1056 3966 1187 4035 videntur,
1201 3962 1245 4026 ⁴1⁰³
1264 3962 1350 4011 ⁰¹¹¹¹¹¹⁸

245 4034 443 4101 ‘percipiendis
458 4039 520 4089 satis
531 4047 604 4091 recte
615 4058 708 4095 vacare
719 4060 776 4109 pos·
816 4045 869 4095 ‘sd
886 4045 948 4095 vitre
966 4058 1041 4094 ersom
1059 4040 1159 4091 referre
1178 4037 1278 4099 volunt,
1299 4050 1350 4088 neo

244 4110 315 4162 ‘sitz
340 4112 407 4177 haec,
417 4114 530 4181 inquam,
545 4118 594 4167 nisi
605 4125 705 4171 mature
718 4136 776 4185 pro-
817 4121 925 4185 ‘literiq
934 4121 984 4170 uisi
1002 4133 1035 4168 ex
1051 4115 1176 4167 udlitstis
1186 4126 1279 4176 messe,
1289 4128 1347 4179 qun

245 4185 411 4253 ‘videantuq
429 4206 530 4256 vereor,
548 4207 581 4243 ne
598 4194 711 4247 studium
727 4198 776 4250 hoe
815 4198 893 4249 ‘cum
911 4197 968 4262 ipss
982 4194 1082 4246 anons
1101 4192 1189 4245 statim
1206 4188 1349 4255 conjuncta

243 4261 774 4331 ‘Gracsrunetlatinsmmiiterrrunin
814 4270 1144 4343 ‘supranotatum’
