3184 4917
263 396 288 463 d
377 407 381 418 ⁴
712 408 925 461 ansanum.

265 568 412 632 mentun·
447 560 502 627 Ad
526 560 689 645 eiusmodi
712 562 889 627 editionem
917 560 1095 627 curandam
1119 581 1172 627 me
1197 561 1369 649 aspirans

264 666 353 735 haud
377 665 559 730 dissimile:
590 663 647 727 sed
671 683 769 747 quam
796 684 914 747 parum
940 664 983 728 ad
1006 665 1107 728 talem
1130 671 1283 733 conatum
1306 667 1369 733 rite

265 768 501 855 perficiendum
526 769 613 833 vires
636 788 720 832 meae
742 767 921 845 sufficiant,
939 789 992 832 me
1015 770 1121 850 magis
1140 771 1174 832 in
1199 769 1272 834 dies
1295 789 1370 834 sen·

266 874 363 951 sisse,
378 892 442 936 non
459 872 536 935 ficta
551 871 694 954 quadam
708 870 882 947 modestia,
897 872 956 934 sed
971 892 1016 934 ex
1030 872 1140 936 annno
1156 872 1324 953 profiteor.

310 976 465 1041 Omnium
496 996 585 1052 vero,
616 995 700 1057 quos
731 994 874 1057 unquam
911 974 1062 1051 exhausi,
1091 975 1244 1041 laborum
1271 976 1370 1058 longe

263 1079 487 1149 molestissimi
502 1078 592 1141 fuere
617 1078 737 1161 partim
751 1078 851 1142 lectio
866 1078 1184 1155 commentariorum,
1207 1078 1267 1161 qui
1287 1083 1370 1143 tem·

263 1184 357 1266 poris
376 1184 540 1265 jacturam
556 1181 663 1244 fructu
686 1180 760 1243 inde
783 1187 942 1264 percepto
965 1182 1153 1262 neutiquam
1176 1199 1371 1264 compensa-

263 1284 356 1362 bant,
378 1292 410 1347 et
424 1287 456 1347 iu
474 1284 682 1349 Henniniana
696 1283 840 1347 editione
862 1282 906 1347 ad
929 1282 1081 1365 quemvis
1103 1302 1233 1346 versum
1257 1284 1372 1365 singu·

263 1383 355 1449 latim
371 1390 463 1449 erant
475 1384 662 1461 evolvendi,
683 1386 806 1467 partim
829 1385 964 1448 collatio
976 1390 1027 1449 tot
1049 1385 1205 1449 codicum
1218 1391 1253 1450 et
1266 1386 1371 1469 scrip.-

263 1490 370 1553 tomm
385 1494 418 1550 et
431 1487 605 1565 editorum,
625 1505 766 1570 quorum
782 1486 886 1550 multo
899 1486 1082 1549 maximam
1104 1490 1229 1569 partem
1251 1486 1325 1570 ipse
1348 1506 1371 1551 a

262 1587 427 1670 principio
442 1585 486 1651 ad
500 1587 598 1651 finem
620 1587 828 1672 comparavi,
852 1604 928 1647 cum
943 1586 1092 1647 nondum
1106 1605 1128 1648 a
1142 1605 1312 1668 quoquam
1332 1586 1371 1651 id

231 1730 233 1736 .
262 1689 388 1757 factum
415 1689 584 1766 vidissem,
606 1692 728 1771 partim
753 1687 896 1769 denique
921 1685 1086 1749 confectio
1110 1684 1238 1749 Indicis
1262 1706 1371 1753 rerum

263 1793 503 1875 verborumque
516 1788 682 1854 uberrimi.

305 1894 372 1957 Tot
386 1898 561 1976 tantasque
576 1890 785 1954 difficultates
804 1890 835 1953 si
856 1890 933 1973 quis
956 1891 1169 1973 reputaverit,
1189 1910 1252 1956 non
1271 1890 1372 1957 mira-

262 1995 349 2060 bitur
370 1995 534 2077 proseeto,
557 1990 701 2070 nondum
724 1992 828 2055 irrisae
851 2010 1050 2075 quenquam,
1075 1991 1135 2074 qui
1157 1997 1284 2056 tantum
1305 1993 1371 2059 sibi

266 2096 389 2173 oneris,
422 2102 580 2182 qnantum
608 2113 671 2177 ego
698 2094 893 2177 receperim,
922 2094 1050 2179 imponi
1074 2100 1250 2176 pateretur,
1276 2103 1308 2159 et
1335 2096 1372 2161 in

263 2196 382 2263 eodem
410 2203 597 2263 constanter
625 2203 868 2281 perseveraret3
897 2198 1094 2281 multosque,
1118 2218 1202 2282 quos
1229 2197 1313 2262 iulia
1336 2199 1372 2265 in

265 2299 339 2365 Iud.
355 2300 458 2364 Editt.
475 2306 559 2365 extr.
574 2298 731 2377 laudabo,
755 2318 777 2363 a
789 2299 930 2364 consilio
954 2299 1073 2364 edendi
1093 2300 1116 2364 J
1118 2300 1279 2379 uvenalis,
1297 2300 1371 2384 jam

263 2402 320 2467 diu
345 2407 452 2466 mente
479 2403 615 2483 agitato,
642 2400 822 2467 destitisse.
876 2401 997 2487 Neque
1023 2422 1085 2485 ego
1113 2403 1222 2479 telam,
1247 2402 1372 2467 centies

262 2504 471 2589 impatientia
498 2504 685 2587 abmptum,
716 2504 950 2589 qualicumque
977 2506 1108 2569 ratione
1135 2503 1370 2584 detenuisscm,

261 2606 329 2685 nisi
344 2611 412 2670 tum
427 2605 624 2669 verecundia
638 2606 835 2684 obstitisset,
858 2626 926 2690 quo
939 2607 1047 2670 minus
1065 2603 1164 2669 fidem
1186 2611 1236 2670 tot
1257 2608 1372 2673 tantis·

265 2727 329 2793 quc
343 2708 426 2772 viris
448 2706 561 2771 datam
577 2708 732 2788 fallerem,
756 2728 901 2794 opesque
916 2709 959 2772 ab
972 2708 1040 2771 illis
1055 2707 1177 2773 frustm
1196 2709 1277 2772 mihi
1291 2728 1373 2793 sup·
1398 2750 1406 2760 ·

264 2810 445 2893 peditatus,
460 2810 611 2894 nullique
634 2812 733 2894 plane
755 2811 833 2875 usui
858 2809 970 2895 politae
984 2809 1097 2893 „nasse
1120 2811 1279 2892 sinerem3
1300 2816 1373 2875 tum

262 2911 340 2996 ipsa
362 2898 568 2993 grauitasac
582 2912 759 2979 multitudo
774 2933 897 2992 eorum,
922 2933 1000 2999 quas
1024 2913 1200 2977 conatibus
1222 2912 1288 2978 mei
1310 2911 1373 2977 im-

263 3013 452 3097 pedimento
481 3014 633 3094 inissent,
663 3020 785 3080 certam
818 3015 899 3081 mihi
930 3014 1182 3099 jucundamque
1216 3015 1373 3081 fecissent

263 3132 360 3197 spem
388 3117 495 3181 veniae
527 3116 670 3199 alicujus
697 3136 739 3179 ac
767 3114 977 3198 indulgentiae
1005 3116 1151 3180 uirorum
1177 3115 1373 3197 doctorum3

263 3216 386 3299 quibus
406 3218 542 3283 meliora
564 3222 597 3281 et
615 3236 705 3281 nunc
726 3217 813 3281 forte
835 3216 1015 3294 dedissem,
1034 3220 1069 3280 et
1092 3216 1172 3279 olim
1193 3215 1317 3293 darem,
1340 3218 1373 3283 si

265 3318 467 3402 contingeret
479 3318 561 3383 mihi
576 3338 651 3383 esse
671 3323 740 3388 tam
755 3317 858 3399 felici,
879 3324 999 3383 utnon
1018 3335 1118 3382 usum
1131 3315 1230 3381 modo
1250 3316 1372 3383 biblio-

262 3412 443 3500 thecamm,
466 3421 511 3485 ad
534 3441 620 3505 quas
641 3422 697 3501 iis,
723 3421 783 3505 qui
808 3420 1017 3485 scholasticis
1036 3418 1211 3500 flmguntur
1231 3422 1375 3486 muneri·

261 3518 339 3600 bus,
370 3522 480 3587 aditus
507 3524 701 3608 plerumque
730 3542 797 3587 non
824 3526 931 3606 patet,
960 3519 1021 3585 sed
1049 3520 1125 3604 plus
1153 3538 1286 3606 quoque
1312 3521 1373 3587 otii

259 3620 436 3689 haberem:
461 3645 599 3708 quarum
620 3644 727 3687 rerum
742 3621 992 3705 jucundissima
1010 3640 1089 3707 spes
1111 3623 1285 3707 praesentis
1306 3622 1374 3691 sor-

263 3727 351 3789 tunae
370 3724 528 3789 solatium
542 3728 604 3787 est.

307 3822 396 3887 Haec
420 3844 531 3907 pauca
551 3842 619 3888 non
637 3840 737 3887 unam
757 3824 802 3887 ob
825 3843 962 3890 causam
983 3824 1223 3911 praemonenda
1241 3824 1370 3905 censui,

262 3924 456 4010 priusquam
469 3924 568 4008 hujus
583 3923 740 3991 editionis
754 3925 900 3993 indolem
912 3932 945 3992 et
960 3929 1135 3995 consilinm
1155 3924 1371 4005 declararem,

263 4026 353 4113 quod
381 4045 468 4091 nunc
497 4026 640 4092 breviter
668 4028 863 4115 expediam.
917 4028 1003 4097 Cum
1026 4049 1106 4097 uero
1131 4028 1249 4094 eadem
1272 4042 1371 4114 paene

261 4144 343 4193 usus
364 4129 428 4193 sim
448 4128 588 4209 ratione,
612 4148 715 4216 quam
739 4133 776 4198 in
801 4132 887 4199 Silio
909 4131 1038 4199 edendo
1060 4128 1261 4217 sequendam
1283 4130 1371 4199 dux·

258 4228 363 4313 arium
386 4229 521 4299 easdam
542 4252 675 4322 quoque
696 4254 749 4314 res
769 4234 889 4322 iisdem
912 4236 1105 4328 plerunque
1124 4233 1235 4305 uerbis
1260 4252 1367 4321 expo-
