3184 4917
641 468 657 516 J
664 468 865 519 ursulus.
1254 462 1300 526 27

197 604 305 672 rmm'o
326 607 532 692 trisyllabum
555 609 721 690 Incretio,
743 612 896 697 Virgilio,
912 612 1069 682 Martiali.
1108 615 1152 685 Q„
1168 615 1300 683 Iunium

198 705 365 773 Retico..
389 712 552 793 intelligit,
577 715 635 796 qui
662 712 784 779 Consal
810 715 875 781 suit
897 737 971 781 cum
996 718 1174 784 Hadriano
1201 724 1300 789 tertio

196 812 270 894 ejus
285 812 415 894 imperii
431 832 530 892 anno,
546 816 637 878 oriris
661 822 770 881 autem
789 818 933 884 condita
952 838 1173 887 noconxxrr.
1188 824 1301 907 itaque

188 915 300 996 ‚paulo
313 918 610 996 postconsulatum
626 916 649 981 J
650 919 718 981 unii
735 922 861 1003 scripta
875 922 934 987 ills
949 922 1070 987 Satira.
1107 924 1170 988 Vir
1183 925 1301 991 doctus

196 1024 294 1092 enat,
317 1018 375 1099 qui
399 1018 441 1081 ad
464 1018 672 1083 consulatum
696 1018 805 1103 Appii
829 1022 922 1086 Jonii
946 1023 1062 1089 Sabini
1085 1025 1159 1091 haec
1182 1028 1300 1093 reterre

195 1118 353 1193 malebat,
369 1138 454 1183 armo
470 1118 513 1183 U.
529 1117 569 1184 C.
589 1138 839 1187 ncocxxxvn.
856 1144 922 1207 qno
946 1125 977 1189 is
997 1126 1126 1208 collega
1147 1127 1210 1191 init
1230 1128 1301 1193 Do-

196 1218 338 1283 mitiani.
385 1220 517 1285 Etenim
541 1222 689 1287 extincto
708 1223 781 1305 jam
796 1225 990 1290 Domitiano
1003 1245 1118 1291 omnes
1131 1228 1193 1291 has
1213 1228 1301 1293 sio-

195 1340 251 1383 ras
274 1322 419 1405 scriptas
445 1322 557 1403 luisse,
583 1323 670 1406 ipsae
691 1326 732 1389 de
755 1346 791 1391 se
811 1328 899 1391 clare
923 1328 1078 1405 clamant,
1097 1334 1132 1393 et
1153 1329 1211 1394 alii
1226 1331 1300 1415 jam

194 1424 387 1505 proharrmt.
431 1424 658 1491 Tredecimarn
680 1448 812 1513 quoque
841 1430 904 1491 sub
927 1428 1017 1493 idem
1040 1430 1142 1493 terme
1169 1436 1299 1515 tempos

193 1528 417 1608 compositam
439 1528 519 1610 ipsa
543 1526 638 1591 dicet.
684 1528 741 1592 An
764 1528 940 1593 Calvinum
961 1530 1089 1597 directa
1112 1538 1175 1610 est,
1200 1551 1298 1615 qoem

195 1622 324 1689 Fonteio
334 1628 468 1691 consule
478 1632 594 1691 natum
609 1630 780 1711 sexaginta
789 1630 861 1713 jam
872 1650 977 1695 annos
990 1641 1068 1714 post
1077 1654 1114 1697 se
1124 1634 1299 1717 reliquisse

188 1726 339 1791 disertim
353 1730 476 1793 scribit.
521 1729 600 1793 Duo
614 1736 741 1795 tantum
756 1737 833 1795 sunt
852 1728 970 1793 Fonteii
982 1734 1148 1810 consules,
1164 1734 1221 1817 qni
1242 1734 1296 1798 hio

192 1828 302 1894 locum
327 1832 446 1895 habere
468 1832 607 1914 possint.
653 1830 751 1895 Prior
778 1828 819 1895 C.
836 1829 983 1897 Fonteius
1009 1830 1135 1916 Capito,
1150 1835 1208 1917 qai
1230 1834 1298 1899 col·

193 1932 267 2014 loga
282 1926 438 2015 Vipsnnii
451 1932 514 1996 init
529 1932 571 1997 ed
584 1952 615 1997 a.
632 1931 676 1995 U.
691 1930 732 1996 C.
748 1949 914 1997 ncccxrr.
931 1954 953 1999 a
967 1935 1065 2017 cujus
1080 1935 1252 2001 consmatu
1266 1935 1298 2001 si

193 2034 369 2114 sexaginta
394 2053 497 2098 nanos
518 2052 678 2112 mnnoees,
699 2036 734 2099 in
754 2054 872 2101 annam
891 2037 1030 2114 incides,
1045 2036 1103 2121 qni
1123 2035 1299 2119 praeoessit

192 2132 286 2199 Jmii
307 2137 528 2201 consulatum.
573 2135 640 2199 sed
656 2136 737 2201 dicit
757 2138 829 2227 jam
847 2157 923 2203 cum
947 2135 1106 2221 reliquisse
1125 2146 1192 2220 port
1207 2146 1296 2221 eergo

192 2236 369 2317 sexaginta
384 2256 502 2301 sorros:
518 2256 597 2318 orgo
611 2256 678 2301 uno
692 2237 768 2320 plus
786 2255 871 2301 anno
882 2235 1047 2301 habuerit:
1066 2236 1155 2319 quod
1169 2242 1298 2318 tompus

74 2374 80 2383 ·
191 2336 311 2401 incidit
329 2334 365 2401 iri
387 2338 498 2421 ipsam
522 2337 614 2403 lunii
637 2340 855 2414 consulatum,
869 2356 940 2421 quo
961 2345 996 2404 et
1015 2340 1173 2421 scriptam
1192 2336 1297 2403 foisse

193 2444 322 2502 constat
336 2438 407 2504 Sat.
421 2454 509 2503 xrn.
522 2444 554 2503 et
566 2440 624 2505 illa
636 2440 671 2503 in
681 2440 828 2523 ,liqypto
841 2438 1006 2505 accidisse
1016 2440 1101 2505 inter
1110 2438 1297 2521 Tentyritas

192 2548 226 2605 et
236 2539 402 2618 Ombitas,
413 2561 490 2625 quae
502 2541 574 2606 Sat.
585 2558 650 2605 xv,
661 2548 833 2605 narrantur
842 2547 1000 2625 tanquam
1012 2562 1109 2624 norper
1117 2550 1216 2625 gesto,
1226 2561 1299 2603 con-

191 2642 257 2704 rute
272 2642 346 2707 scil.
359 2640 480 2717 Jooio‚·
497 2648 533 2707 ut
543 2644 619 2707 hinc
634 2644 772 2727 liqueat,
791 2659 877 2707 x111.
895 2645 1117 2727 compositam
1137 2644 1201 2705 sub
1215 2662 1295 2707 con-

192 2744 337 2807 sulatum
356 2743 462 2821 Junii,
480 2760 544 2807 xv.
561 2749 671 2807 autem
685 2745 787 2828 paulo
801 2750 880 2827 post
901 2743 1048 2828 ejusdem
1071 2743 1294 2808 consulatum.

192 2846 247 2909 Do
258 2848 365 2929 priore
379 2847 479 2929 igitur
488 2844 552 2910 lroc
568 2844 707 2911 Fonteio
717 2843 915 2909 Iuvenalem
923 2846 1181 2927 interpretamur.
1201 2840 1296 2908 Alter

188 2949 253 3012 snit
279 2944 320 3009 L.
336 2944 479 3011 Fonteius
502 2944 629 3029 Capito,
656 2947 714 3030 qui
739 2945 902 3026 collegam
924 2944 1040 3010 habuit
1064 2944 1098 3007 in
1122 2943 1295 3010 commotu

191 3048 232 3113 C.
247 3049 375 3113 Julium
392 3049 519 3114 Rufum
532 3055 653 3115 octavo
671 3066 757 3111 anno
774 3050 854 3129 post
872 3044 913 3109 G.
930 3045 1058 3111 Fonteii
1074 3046 1292 3113 consolatum.

191 3150 247 3214 Ex
257 3151 308 3214 his
317 3170 378 3216 nos
390 3159 513 3217 certum
523 3156 556 3214 et
565 3155 768 3232 compertum
778 3147 949 3225 habemus,
960 3153 1098 3231 quatuor
1108 3153 1294 3231 postremas

190 3252 365 3317 luvenalis
384 3253 511 3316 Satiras
528 3252 623 3318 initio
644 3252 774 3334 imperii
799 3248 963 3315 Hadriani
983 3256 1157 3315 contextas
1177 3249 1293 3326 luisse,

189 3352 333 3437 reliquas
348 3356 473 3419 fortean
496 3354 557 3417 sub
571 3353 727 3436 Trojano,
742 3356 829 3414 certe
846 3358 924 3434 post
944 3358 1080 3415 mortem
1098 3350 1291 3414 Domitiani.

191 3438 270 3517 Nec
282 3455 421 3521 dubiam
435 3456 540 3520 habeo
554 3456 636 3539 quin
649 3452 830 3539 'l'rnjanusn
841 3452 994 3536 designet
1006 3452 1078 3518 Sat.
1094 3466 1161 3515 vn.
1176 3470 1227 3534 pr.

349 3610 394 3675 Et
409 3623 514 3697 speret
530 3611 612 3676 ratio
626 3608 798 3675 studiorum
813 3609 847 3672 in
864 3607 985 3675 Corore
1000 3620 1133 3677 loretum.

188 3759 355 3825 Neronem
376 3760 441 3825 hoc
463 3780 562 3825 versu
576 3762 707 3845 palpari
728 3766 820 3825 notat
833 3765 928 3824 verus
948 3760 1116 3840 interpres.
1157 3756 1289 3840 lnepto:

187 3880 250 3927 nec
265 3864 375 3948 aptius
390 3868 451 3941 est,
467 3863 559 3945 qnod
574 3864 608 3927 in
620 3862 739 3927 eadem
755 3862 867 3927 Satira
880 3878 1013 3925 versam
1026 3860 1124 3937 hnnc,

317 4080 321 4087 ,
343 4012 510 4099 Praefectos
528 4010 663 4099 Pelopea
668 4010 769 4101 fecit,
788 4007 966 4075 Philomela
984 4007 1147 4088 Tribunos,

188 4152 231 4213 dc
259 4148 391 4215 Nerone
414 4152 548 4236 accipit,
574 4157 608 4215 ot
634 4158 766 4235 propter
787 4150 875 4213 hunc
899 4166 1031 4211 versum
1053 4149 1085 4212 in
1108 4146 1246 4211 exilium
1266 4168 1288 4212 a

188 4250 323 4317 Nerone
350 4253 492 4317 missurn
519 4252 653 4337 poiitanr
684 4252 810 4317 scribit.
864 4248 972 4334 Atqui
1000 4247 1133 4314 nedoni
1162 4248 1289 4314 eosdem
