3184 4917
634 440 772 493 SATIRA
797 442 848 494 Vl.

194 562 380 651 Dimidium
395 586 552 670 tegimenr
575 588 628 651 vel
643 588 672 651 si
684 588 818 653 diversa
832 588 978 653 movebit

194 686 333 765 Proelia,
350 694 385 753 tu
399 688 481 752 felix
495 708 612 753 ocreas
627 690 786 753 vendente
801 692 926 774 puella.

194 788 262 854 Hac
278 797 363 869 sunt,
379 812 455 874 quac
469 793 558 855 tenui
573 792 692 855 sudant
706 794 739 854 in
755 791 903 876 cyclade,
919 808 1058 876 quarum

194 890 341 957 Delicias
355 880 388 956 cl
403 894 598 977 panniculus
612 892 833 979 bombycinus
848 898 923 960 urit.
1229 895 1297 962 26⁰

193 992 331 1077 Aspice,
348 1015 414 1079 quo
428 996 560 1059 fremitu
575 1000 773 1060 monstratos
787 996 930 1080 perferat
943 997 1041 1075 icus,

191 1218 292 1283 tunnas,
303 1234 378 1284 qnam
390 1226 416 1269 tu
427 1216 517 1283 brutus,
530 1217 656 1283 juvenculo
667 1239 745 1274 ocrem
760 1241 842 1275 reamur
852 1224 1000 1289 exponente!
1023 1226 1085 1289 Ipsa
1095 1231 1149 1277 urst
1165 1243 1218 1291 qnoe
1227 1228 1295 1277 uto-

192 1300 242 1333 rem
253 1285 364 1333 emittunt
375 1285 400 1333 ia
411 1286 456 1333 leni
472 1287 573 1350 cyclade,
590 1302 689 1351 quorsus
706 1291 837 1354 mluptates
851 1292 932 1340 adurit
949 1292 1062 1341 mmcsm
1078 1292 1151 1341 etium
1165 1292 1296 1355 palliolata.

195 1352 270 1399 Cerne
281 1354 368 1412 quanto
376 1350 468 1411 gemitu
479 1350 567 1410 isserat
581 1354 742 1416 percussiones
753 1360 858 1405 orimus
864 1373 874 1415 ,·
889 1370 1001 1419 penuque
1012 1371 1099 1418 magno
1106 1356 1205 1405 mamilia
1213 1356 1295 1419 grem·

193 1636 263 1672 arma
281 1624 435 1677 Samnitium
456 1632 624 1677 recensentur
642 1628 721 1675 etiam
738 1628 917 1676 traice-25⁷
934 1629 1037 1689 tegimen
1055 1631 1096 1678 21.
1108 1633 1149 1678 22.
1160 1632 1201 1679 tt.
1217 1635 1248 1680 ut
1267 1624 1295 1679 ld

193 1688 297 1751 optimis
309 1690 464 1741 membranis
483 1693 588 1756 ubique,
601 1691 669 1741 unde
686 1692 775 1755 recepi
794 1706 841 1754 pro
859 1694 1044 1755 νυΙς.1ιμιιι.
1061 1692 1103 1741 ef.
1121 1694 1179 1741 Nic.
1200 1692 1294 1745 Heius.

192 1753 280 1803 adsit.
291 1768 310 1802 ι.
322 1758 379 1805 102.
397 1756 441 1821 qni
452 1764 538 1806 tamen
550 1756 583 1805 ad
596 1758 668 1819 Virg.
682 1758 739 1805 AEn.
753 1768 795 1804 nr.
809 1759 866 1805 591.
879 1766 907 1804 et
918 1769 969 1805 vrt.
983 1761 1040 1805 otio.
1059 1763 1196 1821 utramque
1213 1760 1296 1821 scrip·

190 1822 275 1866 taram
288 1821 399 1881 damnat,
411 1828 437 1868 et
449 1821 531 1869 ubivis
547 1826 657 1881 tegumen
676 1820 852 1883 reponendum
870 1829 968 1870 censet.
985 1821 1087 1870 movebis
1095 1825 1136 1869 21.
1148 1826 1188 1869 to.
1200 1826 1241 1870 47.
1253 1826 1295 1870 58.

192 1886 272 1931 —258
289 1888 338 1932 tum
350 1889 390 1933 bd.
402 1889 632 1935 2116555150.
649 1889 826 1934 ntem-2⁵9
843 1886 904 1934 Hoec
922 1890 1014 1936 11162.
1034 1890 1074 1934 6³.
1086 1888 1129 1934 67.
1147 1890 1189 1935 71.
1200 1890 1241 1935 72.
1252 1889 1295 1937 73.
1366 1938 1370 1947 ,

192 1946 268 2009 prob.
281 1948 434 2011 Pnlmanno‚
446 1956 474 1999 ut
485 1950 520 1999 sit
536 1951 663 2013 enallage,
675 1956 704 1998 ut
715 1948 762 1998 inl.
780 1964 818 1999 vs.
837 1954 894 1998 522.
912 1958 940 1999 ct
950 1964 992 2013 ap.
1002 1950 1111 1999 Terent.
1129 1950 1156 1999 in
1173 1950 1239 1999 Eun.
1251 1962 1294 1999 nr.

192 2016 215 2060 5.
227 2015 267 2059 tt.
285 2011 367 2060 Andr.
379 2026 417 2061 ιν.
430 2019 454 2063 1.
473 2018 513 2063 12.
528 2015 554 2063 in
575 2016 718 2063 Heautont.
731 2028 769 2063 tv.
782 2018 807 2063 1.
819 2020 842 2063 t.
854 2019 882 2063 et
898 2014 925 2061 in
937 2015 1042 2063 Pborm.
1053 2028 1080 2064 ν.
1091 2019 1116 2064 11.
1128 2014 1173 2080 (al.
1189 2013 1242 2077 lo.)
1252 2018 1293 2063 25.

192 2075 286 2139 quibus
298 2082 383 2125 tumen
394 2078 455 2127 locis
468 2078 584 2127 meliores
595 2078 655 2127 libri
666 2079 715 2127 fla
726 2079 768 2127 vel
780 2078 881 2127 Hacine
896 2079 1111 2129 exhibente—261
1126 2078 1241 2143 proferat
1251 2082 1293 2128 17.

544 2235 562 2279 ⁸
688 2258 799 2310 noum

190 2383 323 2437 Juvenalis
343 2391 445 2449 tegmen
462 2384 560 2437 sinistri
581 2387 660 2437 cruris
669 2403 722 2438 me·
763 2390 858 2439 catulae
869 2396 1021 2455 queruntur,
1032 2402 1062 2436 ae
1072 2386 1144 2437 velut
1154 2385 1237 2437 aduri.

190 2468 282 2511 morat.
316 2463 359 2511 De
374 2462 414 2512 bis
432 2463 492 2513 vide
502 2464 621 2515 Macrob.
638 2480 664 2517 v.
681 2470 723 2515 18.
796 2463 1073 2527 Qaursmdeiicius‚t5u]
1084 2465 1200 2515 Quarum
1208 2463 1295 2526 molle,

191 2535 287 2601 influe,
313 2539 392 2588 Certe
403 2554 463 2589 erus
472 2541 564 2590 laevum
575 2541 724 2605 tegebatur,
763 2546 892 2602 tenerum,
909 2540 1049 2589 delicatum
1060 2532 1209 2603 corpusrix
1223 2538 1293 2589 terre

192 2614 260 2678 qnod
272 2616 476 2678 protendebatur
484 2617 606 2667 adversus
617 2619 723 2667 bostem.
762 2624 851 2681 potest
860 2616 1023 2681 bombycina
1035 2616 1115 2665 restis
1125 2615 1234 2680 pnudns.

193 2690 335 2741 Dimidium
353 2706 415 2741 vero
432 2692 528 2742 dicitur
539 2694 723 2757 tegmemquia
795 2698 844 2743 2111)
855 2692 1026 2755 Bomdycisres]
1041 2694 1064 2741 t:
1075 2692 1133 2741 telis
1143 2705 1295 2741 araneorum

191 2766 289 2815 nonnisi
302 2782 317 2814 a
329 2766 396 2831 pede
413 2767 446 2815 ad
464 2782 531 2830 genu
543 2769 723 2832 perveniebat,
762 2768 841 2816 modo
861 2769 940 2817 textis
960 2768 993 2816 ad
1014 2768 1102 2815 luxum
1120 2764 1294 2829 feminarum,

190 2840 323 2904 superiora
334 2847 439 2905 tegente
451 2842 554 2904 clypeo.
762 2843 876 2893 inventis
887 2844 996 2906 primum
1006 2843 1031 2891 in
1043 2844 1081 2891 Co
1093 2841 1206 2891 Insulae
1218 2842 1296 2891 Pam·

223 2922 270 2967 257
283 2917 313 2967 Si
320 2918 413 2967 dicerer
420 2918 520 2967 monebit
526 2918 622 2981 prolia]
633 2919 660 2967 Si
669 2925 722 2968 tam
764 2919 835 2981 pbila
846 2919 954 2969 muliere
965 2918 1039 2967 Latoi
1050 2916 1115 2967 filia:
1134 2922 1165 2966 ut
1174 2916 1212 2966 ait
1221 2916 1294 2969 Prin.

190 2994 300 3056 retiarii,
318 3008 395 3059 qnam
405 2994 564 3045 mirmillonis
580 3002 668 3058 partes
680 3009 722 3045 vs·
763 3006 795 3043 11.
807 2999 848 3043 22.
860 2994 905 3044 ubi
916 2993 949 3043 de
961 2992 1137 3057 bombycibus.

191 3070 241 3121 rias
254 3078 407 3135 exequatur,
424 3070 541 3135 adeoque
552 3071 668 3135 geminas
679 3071 723 3121 ha·
795 3074 843 3118 261
862 3070 914 3125 Qus
928 3067 1042 3131 semita]
1064 3068 1120 3116 Cic.
1139 3061 1242 3117 Tuscnl.
1261 3080 1295 3119 ιι.

191 3146 252 3201 best
261 3161 358 3209 ocreas,
375 3162 424 3197 nou
443 3147 573 3210 simplices
585 3154 670 3199 autern
682 3163 722 3198 so-
764 3160 788 3195 n.
801 3150 841 3195 56.
858 3146 865 3172 ‘
878 3144 925 3194 Vir
934 3144 1029 3206 fortis,'
1041 3143 1133 3208 iuquit,
1154 3142 1294 3206 ‘ingemis-

191 3222 253 3285 lnm,
263 3228 293 3271 ut
304 3222 384 3272 AEtnli
401 3224 499 3287 populi,
516 3222 549 3273 de
562 3224 652 3289 quibua
665 3224 722 3275 Ma·
762 3222 809 3286 cit,
820 3230 850 3271 nt
861 3236 890 3271 se
900 3222 1019 3273 intendat
1037 3220 1071 3271 ad
1082 3219 1247 3280 firmitatem
1263 3224 1296 3271 ut

190 3299 262 3349 urob.
275 3300 331 3349 loco
343 3300 431 3350 citato.
762 3298 789 3347 in
808 3299 893 3349 stadio
912 3313 1030 3349 cursores
1051 3298 1198 3346 exclamant
1216 3310 1294 3361 quam

223 3379 272 3425 258
292 3378 330 3426 'lis
342 3376 409 3435 selim
425 3376 724 3439 mreussrndenteproelln]
762 3375 873 3423 maainte
886 3381 1002 3437 possunt.
1036 3374 1147 3423 Faciunt
1155 3374 1223 3421 idem
1234 3388 1295 3421 cnm

191 3450 308 3515 Ironice,
325 3459 461 3502 utcetera.
494 3454 600 3504 Quanta
610 3453 657 3502 tibi
672 3455 725 3517 glo-
763 3459 921 3501 exercentur
947 3452 1063 3500 athletae.
1104 3450 1210 3513 Pugiles
1231 3462 1294 3499 reru

191 3528 238 3589 ria,
250 3536 372 3592 quantum
391 3529 478 3591 decus,
490 3544 506 3578 o
519 3529 567 3589 vir,
585 3543 664 3578 uxore
679 3537 726 3581 tua
763 3530 845 3578 etiam
866 3544 926 3577 cum
948 3528 1047 3578 sedunt
1063 3527 1246 3585 adversarium,
1266 3526 1294 3574 in

192 3604 331 3668 ancipitem
350 3604 492 3655 etruriam
509 3612 665 3654 armaturam
682 3618 725 3655 re·
759 3603 892 3667 jactandis
910 3604 1023 3653 cestibus
1041 3602 1221 3665 ingemiscunt,
1240 3612 1295 3651 nott

188 3692 251 3728 uum
264 3690 436 3744 proponente,
447 3682 609 3731 ostentante!
764 3680 834 3744 qnod
844 3678 960 3741 doleant,
980 3676 1098 3727 animose
1114 3676 1295 3738 succumbant,

223 3756 320 3819 Puella]
337 3758 424 3805 Uxore
436 3756 636 3806 adolescentula.
763 3754 811 3804 sed
829 3755 889 3818 qnia
908 3754 935 3803 in
955 3751 1134 3818 profundenda
1142 3766 1208 3801 roca
1217 3765 1294 3803 omna

220 3835 274 3881 252
290 3832 339 3881 lla
357 3834 472 3895 mutuno
488 3831 567 3895 terrai]
584 3830 642 3882 lllae
660 3832 725 3895 ipsse
763 3844 856 3894 corpus
863 3830 1018 3892 intenditur,
1028 3828 1150 3892 venitque
1162 3828 1240 3891 plaga
1250 3842 1294 3877 rs·

191 3922 247 3973 qua
260 3907 334 3956 virilu
353 3907 433 3956 robur
452 3906 578 3957 affectant
588 3907 614 3956 in
627 3908 722 3971 gladia·
761 3904 920 3955 hementior.'
1296 3942 1300 3952 ,

189 3984 266 4035 toriis
277 3982 515 4046 exercitationibus,
531 3984 559 4033 in
576 3984 634 4032 aliis
645 3983 723 4033 rebus
795 3983 942 4033 mommo·
958 3980 1065 4045 perferet
1080 3980 1152 4044 ictas]
1173 3982 1294 4033 Doccute

189 4058 336 4111 immineam
357 4060 460 4109 omniuo
480 4058 621 4111 ostendunt
642 4058 724 4109 molli·
762 4060 865 4110 lanista.

191 4136 260 4189 usn.
795 4134 906 4196 Perserut
918 4134 990 4197 ictas]
1007 4134 1112 4185 Quanta
1121 4131 1295 4184 ferociaintli·

225 4211 336 4277 Cyclada]
348 4210 469 4262 Rotunda
477 4210 613 4274 chlamyde
624 4226 638 4261 e
650 4210 722 4261 tenui
762 4217 809 4277 gat
817 4210 894 4271 ictus,
905 4216 1196 4276 aemonstratosgestus
1203 4225 1295 4267 omnes

191 4286 266 4339 ratde
276 4288 330 4355 filo,
340 4304 393 4355 qus
402 4302 430 4339 se
441 4288 545 4354 gravam
560 4294 647 4341 umen
659 4286 722 4337 deli·
761 4293 916 4357 exequetur.
