3184 4917
578 411 583 422 ’
643 448 866 499 rursusne.
1259 430 1304 501 ω

202 590 304 674 pubis
317 590 587 675 publicatamque
610 591 727 673 fuisse,
750 614 827 659 cum
846 594 930 661 aritia
952 595 1063 679 utique
1084 593 1222 676 constet,
1237 602 1301 663 tre·

202 692 368 757 decim
392 698 426 757 et
449 694 609 759 dommum
638 696 800 779 quintam,
824 716 901 781 quae
922 698 1107 780 penultima
1124 702 1189 777 est,
1205 700 1301 765 initio

204 790 371 857 Hadriani
381 794 523 877 scriptas
536 814 621 873 esse,
634 795 677 858 ed
694 798 827 861 tertium
842 796 935 879 regni
948 797 1022 881 ejus
1036 818 1169 865 annum.
1212 798 1301 865 Tum

187 891 239 991 ⁸iu
253 891 454 977 suspicionem
477 894 572 974 veuit,
585 896 675 981 quusi
697 906 835 983 temporo
845 898 990 984 figurate
1012 910 1156 978 notorem,
1169 908 1301 985 prum

203 994 264 1059 ilia
276 995 388 1075 verba,
399 1016 476 1080 quae
491 997 641 1081 leguntur
654 1000 766 1065 Satire
775 1002 918 1085 septime
937 999 1006 1087 (vs.
1016 999 1089 1086 90.)

285 1140 294 1156 '
420 1141 514 1213 Quod
527 1124 586 1211 osori
599 1146 675 1211 dunt
688 1170 836 1235 proceres,
851 1146 939 1214 dubit
952 1148 1072 1215 histrio.

201 1294 350 1379 Singulae
362 1294 415 1363 hta
429 1316 530 1365 voces
544 1298 693 1365 Suetonii
717 1300 942 1384 ponderandas,
957 1306 1042 1381 suut,
1056 1301 1089 1365 iu
1103 1299 1301 1385 euspicio-ens

201 1396 297 1473 uenit,
311 1404 344 1462 et
356 1398 590 1484 qucrifigurete
612 1410 748 1485 temporo
772 1410 916 1467 numm.
960 1401 1047 1467 Cura
1060 1404 1148 1467 enim
1161 1408 1231 1469 tota
1244 1403 1303 1469 itta

202 1496 315 1571 ,Satira
328 1518 381 1585 res
395 1505 429 1564 et
440 1500 588 1569 homines
608 1502 780 1567 anterioris
799 1502 960 1587 temporis
983 1522 1118 1586 carpere
1136 1502 1301 1583 videatur,

202 1604 236 1663 et
247 1599 439 1665 nominatim
466 1600 622 1667 Paridem
649 1604 794 1686 arripiet,
817 1602 876 1686 qui
897 1605 960 1669 sub
973 1604 1167 1670 Domitiano
1178 1604 1299 1683 floruit,

196 1694 236 1765 ‘et
250 1702 359 1783 potuit
370 1702 510 1768 multrm
522 1704 557 1767 in
570 1703 791 1787 provehendis
805 1704 877 1769 suis
889 1704 1085 1783 fautoribus,
1095 1703 1240 1790 figurate
1253 1712 1303 1771 ta·

202 1820 279 1867 men
292 1803 390 1867 edam
402 1823 550 1890 praeseus
563 1810 696 1889 tempus
710 1810 904 1871 notaretum
922 1805 1015 1871 visus
1032 1810 1094 1883 est,
1108 1824 1176 1887 quo
1188 1806 1305 1869 simili-

203 1909 252 1971 ter
265 1912 298 1971 et
320 1906 435 1973 histrio
460 1906 595 1991 quidem
616 1914 746 1990 potens,
769 1913 804 1971 et
826 1906 971 1973 scenice
985 1906 1139 1988 gratiosus
1153 1906 1303 1986 militias,

203 2008 397 2087 tribunatus,
411 2014 444 2073 et
456 2007 681 2093 praefecturas,
689 2008 873 2076 fautoribus
885 2008 955 2073 suis
969 2008 1178 2073 conciliabat
1221 2006 1303 2073 Hoc

201 2128 265 2173 nec
279 2109 407 2176 abludit
425 2128 448 2174 a
466 2110 611 2175 moribus
622 2108 659 2173 H
661 2108 801 2186 adriam,
814 2110 873 2192 qui
886 2109 999 2173 varius
1012 2110 1048 2173 in
1061 2109 1212 2174 omnibus
1220 2108 1302 2173 suu:

202 2228 281 2279 aem
299 2215 332 2273 et
345 2210 507 2293 perdlendi
520 2208 725 2294 canendique
747 2210 861 2284 studio
874 2210 1055 2289 tenebatur,
1069 2217 1103 2275 et
1117 2208 1303 2275 comoediaa

188 2310 450 2403 ‘tragoediasque
474 2330 603 2394 semper
617 2311 653 2375 in
675 2310 829 2377 convivio
844 2310 1032 2376 exhibebat.
1074 2310 1169 2378 Irioet
1193 2314 1303 2375 antem

204 2409 287 2483 nibil
301 2412 368 2477 tute
379 2413 569 2495 scripserint
581 2418 734 2479 aucturus
747 2412 827 2479 vitu
852 2411 1030 2492 Hadriani,
1049 2414 1112 2496 qui
1129 2409 1228 2477 bodie
1241 2431 1302 2476 ex·

203 2515 285 2587 tent,
300 2530 367 2577 non
380 2511 565 2581 dubitanter
577 2519 686 2579 tamen
706 2512 742 2579 id
760 2501 940 2596 pessumus
959 2511 1131 2590 affirmare,
1146 2517 1196 2576 tot
1204 2510 1303 2576 certis

204 2614 406 2693 egumenus
420 2620 454 2679 et
467 2614 656 2683 testimonio
676 2614 837 2689 Suetonii,
852 2613 942 2697 quod
967 2616 1078 2677 omnia
1095 2618 1241 2696 superat,
1254 2613 1303 2675 iu·

202 2712 307 2779 decu.
352 2714 467 2799 Finge,
481 2732 571 2794 vero,
586 2716 686 2781 verba
704 2716 773 2793 ilia,
784 2714 868 2801 quod
886 2736 947 2779 nou
961 2714 1038 2778 deut
1052 2734 1199 2800 proceres,
1213 2711 1303 2777 dubit

202 2811 324 2893 histrio,
335 2814 378 2881 de
392 2818 593 2901 temporibus
617 2818 803 2883 Domitiani
815 2817 895 2894 diei,
910 2822 944 2881 et
967 2817 1001 2879 in
1015 2814 1173 2879 Paridem
1184 2822 1303 2895 panto-

204 2916 339 2983 mimum
355 2916 444 2993 illius
459 2919 537 2994 ueri,
551 2918 641 2991 nulia
654 2924 732 2982 tunc
755 2919 817 2983 erit
838 2918 954 3001 figura,
967 2916 1093 2979 nullum
1102 2917 1219 2997 σχῆμα,
1231 2915 1303 2980 nui·

202 3014 275 3081 lum
288 3018 421 3100 oblique
440 3018 584 3086 dictum:
617 3036 695 3081 nam
708 3017 857 3085 districte
872 3036 914 3081 ac
933 3014 1055 3079 duecte
1067 3017 1217 3097 tempore
1231 3014 1303 3079 Do-

203 3119 331 3185 mitiani
343 3126 470 3199 taxum,
485 3125 518 3184 et
532 3118 685 3186 Paridem
698 3124 812 3203 aperte
833 3118 1010 3193 nominant,
1025 3120 1061 3181 et
1077 3114 1212 3179 nimiam
1231 3115 1303 3200 ejus

203 3222 383 3303 potentiam
395 3226 520 3287 notent.
564 3221 658 3285 Nihil
670 3240 748 3304 ergo
762 3222 839 3285 istic
840 3216 1032 3303 mutum,
1048 3218 1079 3281 si
1101 3219 1304 3301 temporibus

203 3322 399 3401 Domitiani,
414 3322 503 3407 quod
518 3321 643 3388 dictum
656 3327 716 3400 eet,
731 3323 819 3387 sicut
831 3328 921 3385 recte
938 3320 1101 3397 convemt,
1116 3324 1149 3383 et
1166 3336 1303 3403 expres·
1393 3320 1403 3335 '

203 3428 279 3487 erim
305 3428 365 3501 est,
380 3424 677 3489 accommodemus.
721 3422 788 3487 Sed
804 3424 834 3487 si
852 3423 887 3487 in
903 3440 1074 3505 perwnem
1088 3418 1219 3485 Paridis
1232 3419 1303 3484 dic*

203 3529 250 3601 bx,
264 3524 346 3589 etin
359 3524 540 3591 Domitiani
553 3525 724 3609 imperium
738 3522 875 3601 directa,
883 3524 984 3591 tacite
995 3524 1031 3586 iu
1043 3519 1214 3587 historiam
1227 3518 1303 3584 Ha·

202 3615 322 3703 =driusi,
337 3634 372 3692 et
384 3625 429 3692 ud
441 3633 591 3709 tempora
613 3626 687 3709 ejus
711 3624 879 3709 culpanda
890 3628 1114 3705 torqueanus,
1138 3626 1207 3683 tum
1220 3618 1303 3702 fign-

203 3730 287 3793 ra'tee
302 3727 460 3793 orationis
472 3732 507 3791 et
524 3726 703 3792 notationis
726 3726 831 3789 instar
854 3722 890 3787 id
908 3720 1079 3787 obtinebit»
1124 3718 1253 3783 Etenim
1263 3719 1303 3783 fi-

205 3848 287 3911 gnra
304 3834 366 3907 eat,
382 3848 458 3893 eum
473 3828 684 3893 subalterius
699 3842 853 3909 persona,
871 3842 968 3907 quem
980 3821 1198 3897 nominamus,
1220 3822 1303 3889 alte·

203 3948 277 4000 ram
292 3950 388 4013 aeque
401 3930 570 4007 vitiosum,
579 3930 694 4015 quiite
702 3926 903 4009 designetur,
912 3922 1094 3989 utenditori
1102 3922 1305 4005 relinquetur.

203 4030 627 4113 ermembergam.
672 4030 728 4095 Sic
751 4028 774 4093 J
777 4026 926 4093 avesniis
945 4026 1009 4090 sub
1025 4026 1155 4091 numine
1169 4022 1301 4089 Paridis

188 4130 613 4199 .Domitiaui'Pautomimi
642 4148 776 4215 carpere
817 4148 859 4193 ac
884 4132 1000 4193 notare
1025 4125 1164 4209 figurate
1196 4126 1303 4192 voluit

205 4232 371 4300 Hadriani
401 4233 594 4319 inperium
638 4234 700 4297 sub
738 4250 807 4317 qao
844 4234 879 4294 et
908 4232 1028 4313 potens
1059 4244 1154 4311 eque
1186 4226 1300 4293 histrio

272 4348 361 4414 Detot.
371 4354 396 4399 et
410 4348 468 4400 Ver.
486 4348 548 4399 orm
778 4346 838 4399 Jaa
1214 4340 1240 4398 C
