3184 4917
268 402 312 469 84
696 422 744 468 nu
767 420 955 470 sarrercrs

276 570 381 648 f'Crr.
399 569 570 648 Nnvrus,
582 571 831 654 antiquissimus
844 572 1071 638 Romarrorum
1090 571 1203 656 polita,
1225 573 1283 655 qui
1304 572 1377 637 bel·

269 674 339 738 lum
361 673 525 737 Punicum
542 690 579 750 1.,
606 693 672 756 quo
698 674 863 758 stipendia
876 676 1010 754 fecerat,
1025 677 1177 739 versibus
1198 675 1376 759 descripsit

271 774 450 852 SaturniiS,¹
473 774 617 839 Satiram
641 794 772 858 qnoque
797 778 1000 860 composuit,
1026 783 1107 841 teste
1133 777 1233 842 Festo
1246 797 1281 860 p.
1296 778 1384 841 411.ι

269 876 348 942 edit.
366 876 513 944 Dacerii,
560 876 648 941 Haec
663 895 741 940 vero
761 876 849 941 haud
871 877 971 942 dubie
992 879 1056 944 fuit
1076 879 1274 943 dramatico:
1293 876 1373 942 nam

271 978 415 1045 Naeuius
432 979 504 1061 jam
527 977 602 1042 iude
617 977 660 1042 ab
675 996 705 1041 a.
729 976 773 1041 U.
790 998 821 1043 c.
847 996 958 1043 uxrx.
985 980 1136 1065 adeoque
1159 980 1376 1064 quadriennio

268 1086 348 1164 post
361 1085 474 1146 natum
490 1078 644 1158 Ennium,
659 1080 791 1145 fabulas
805 1080 907 1159 dedit,
924 1082 973 1168 (v.
989 1082 1077 1147 Geli.
1094 1100 1191 1147 xvrr.
1202 1083 1256 1174 21.
1272 1080 1377 1165 extr.)

268 1190 301 1249 et
315 1190 463 1249 mortuus
477 1190 528 1249 est
551 1203 583 1247 a.
597 1182 643 1247 U.
660 1204 691 1249 c.
708 1200 847 1249 nxmx.
863 1206 896 1249 r.
912 1185 1052 1249 Hieron.
1068 1186 1102 1248 iu
1116 1184 1235 1248 Chrou.
1250 1183 1373 1247 Euseb.

269 1286 314 1351 ad
329 1285 464 1369 Olymp.
475 1286 550 1349 114.
565 1285 625 1349 ubi
638 1285 740 1349 etiam
754 1286 863 1363 tradit,
877 1306 951 1351 eum
966 1288 1010 1351 ob
1023 1287 1286 1351 maledicentiam
1300 1286 1375 1349 Sci·

269 1388 361 1471 pioni
376 1386 535 1452 Africano
550 1394 584 1452 et
599 1385 737 1451 Metello
754 1388 903 1452 'invisum
920 1389 1037 1469 fuisse,
1053 1396 1087 1453 et
1100 1389 1242 1472 primum
1256 1390 1289 1451 in
1303 1408 1384 1452 car-.

270 1508 379 1555 cerem
394 1507 415 1553 a
428 1488 607 1553 triumviris
624 1489 825 1571 capitalibus
838 1490 1037 1574 conjectum,
1053 1492 1170 1556 deiude
1184 1492 1219 1554 in
1235 1490 1386 1554 exilium

270 1597 392 1669 actum,
407 1609 470 1655 nec
483 1590 559 1655 iude
574 1589 713 1655 rediisse
726 1590 880 1671 Romam
895 1594 955 1658 sed
971 1593 1082 1658 Uticae
1097 1594 1234 1657 obiisse.
1256 1592 1386 1656 Talem.

119 1722 137 1753 ι
269 1712 401 1777 quoque
416 1693 568 1775 suspicor
581 1691 684 1759 luisse
699 1692 842 1759 Satiram
856 1692 896 1757 L.
913 1694 1116 1772 Pouronrr,
1130 1714 1206 1778 quae
1221 1696 1263 1757 iu'
1280 1698 1377 1757 sexto

270 1794 436 1869 Prisciani
449 1794 533 1859 libro
547 1793 709 1860 laudatur.
754 1794 833 1859 Fuit
845 1797 875 1859 is
889 1796 1112 1860 Bononiensis
1125 1803 1159 1860 et
1172 1793 1392 1873 clarissimus,

269 1895 496 1973 Atellanarum
525 1898 676 1980 scriptor,
701 1914 799 1980 quem
824 1896 976 1962 Velleius
1000 1898 1077 1962 Pet.
1094 1915 1134 1962 ιι.
1149 1898 1183 1963 9.
1229 1897 1385 1975 Sullanis,

271 1999 352 2067 dicit
365 1999 569 2083 temporibus
584 2000 720 2078 vixisse,
734 2019 774 2067 ac
790 2000 945 2066 sensibus
958 2000 1062 2065 luisse
1076 2001 1249 2077 celebrem,
1264 2000 1387 2063 verbis·

268 2100 396 2179 rudem,
424 2108 458 2167 et
485 2102 632 2167 novitate
660 2102 783 2168 inventi
803 2119 841 2165 ‘a
867 2120 903 2165 se
929 2102 1053 2185 operis
1070 2102 1386 2166 commendabilem!

270 2199 435 2268 Atellanae
461 2186 533 2287 ejus
557 2210 782 2269 memorantur
807 2202 894 2268 Geli.
922 2204 1037 2267 124.
1062 2220 1132 2269 ιιιι.
1158 2206 1213 2267 10.
1236 2220 1317 2266 xvr.
1339 2204 1374 2267 6.

273 2320 387 2368 ιινιιι.
401 2304 435 2371 6.
479 2302 536 2373 Ad
558 2305 644 2369 idem
662 2304 744 2368 sorte
766 2304 951 2368 Satirarum
973 2324 1076 2386 genus
1099 2304 1277 2379 referendae
1300 2308 1376 2376 suut
1493 2364 1500 2369 .

271 2404 351 2483 iilae,
367 2424 450 2489 quas
463 2405 504 2472 Τ.
520 2404 736 2484 errucrrur
756 2405 861 2471 Arra
872 2405 1043 2474 Ciceronis
1058 2412 1167 2486 atate,
1177 2411 1296 2491 praeter
1309 2406 1378 2471 Το-

272 2512 365 2591 gatas
380 2507 511 2572 fabulas
524 2512 557 2573 et
568 2507 827 2593 Epigrammata,
837 2510 1013 2593 scripsisse
1025 2509 1224 2592 perhibetur.
1233 2509 1278 2574 V.
1291 2508 1375 2574 Dio-

271 2608 360 2675 med.
375 2616 408 2675 et
424 2608 577 2677 Macrob.
907 2596 912 2603 ’
1383 2604 1387 2612 ’

317 2708 483 2775 Ennianus
500 2710 623 2777 Satires
636 2715 771 2799 scripsit
784 2714 834 2781 Μ.
850 2716 1060 2795 ΡΑουνιυε,
1071 2715 1174 2801 poeta
1183 2716 1329 2798 bagicus
1342 2718 1377 2779 et

272 2818 393 2901 pictor,
409 2816 507 2891 Eurui
530 2836 633 2901 nepos
655 2836 701 2881 ex
723 2836 848 2896 sorore,
871 2818 900 2881 si
923 2817 1035 2882 Plinio
1051 2834 1179 2882 xxxv.
1192 2817 1236 2895 4.,
1257 2817 1311 2881 rel
1331 2836 1377 2880 ex

271 2918 397 2997 iilia,‘si
422 2918 628 3004 Hieronymo
641 2920 724 2985 fides
746 2920 900 2987 habenda
924 2921 958 2985 iu
972 2919 1091 2986 Cbrou.
1106 2918 1227 2985 Euseb-
1242 2913 1393 3002 olympi

273 3010 373 3084 οινι.Ι
397 3021 429 3085 3.
455 3021 514 3085 ubi
537 3022 568 3084 is
591 3022 655 3085 hoc
677 3042 762 3086 auno
784 3024 877 3088 illum
903 3023 1075 3087 Brundisii
1097 3027 1210 3085 uatum
1234 3038 1319 3097 esse,
1344 3025 1379 3083 et

272 3140 379 3205 prope
406 3122 662 3201 nonagenarium
687 3122 823 3187 Tarenti
845 3125 969 3188 obiisse
991 3122 1096 3185 relert.
1155 3118 1275 3183 Utrum
1297 3128 1388 3184 rero‘

271 3221 420 3307 pressius
435 3220 532 3284 Ennii
545 3221 687 3301 vestigia
699 3228 907 3305 persecutus,
930 3243 974 3286 au
988 3221 1123 3306 proprio
1138 3220 1279 3284 consilio
1292 3217 1376 3283 risus

271 3324 404 3401 sitnon
418 3328 563 3387 constat:
587 3323 665 3405 quin
680 3322 851 3387 satiricum
876 3341 1008 3407 quoque
1031 3320 1164 3405 potitam
1182 3340 1258 3384 eum
1271 3320 1385 3384 suisse-

271 3425 508 3508 igneraremus,
523 3424 588 3487 uisi
604 3423 639 3487 id
654 3424 822 3488 docuisset
833 3444 897 3488 nos
917 3421 1095 3488 Diomedes
1109 3423 1168 3487 lib.
1185 3437 1241 3485 ιιι.
1255 3442 1289 3505 p.
1299 3422 1375 3489 483.

271 3526 324 3591 ed.
340 3525 477 3591 Putsch.
493 3525 588 3610 cujus
609 3523 712 3587 verba
722 3522 794 3607 jam
811 3544 914 3608 supra
926 3526 1150 3591 laudavimus:
1174 3523 1289 3588 ‘'Olim
1305 3544 1376 3589 car-

271 3618 358 3719 men,
374 3628 464 3713 quod
479 3649 524 3693 ex
546 3628 649 3693 variis
674 3626 885 3710 poematibus
900 3630 1088 3707 constabat,
1104 3628 1216 3694 Satira
1229 3626 1376 3691 vocaba-

271 3737 335 3807 tur,
363 3730 461 3813 quala
489 3730 690 3813 scripserunt
718 3728 893 3795 Pacuvius
920 3736 953 3794 et
977 3728 1128 3795 Ennius?
1181 3730 1378 3793 Pacuviana

273 3831 408 3917 quidem
434 3837 607 3897 servanmt
630 3828 760 3925 Cicero,
786 3831 842 3911 (de
865 3832 945 3897 Dir.
963 3850 987 3897 ι.
1003 3833 1057 3897 57.
1073 3838 1106 3895 et
1130 3831 1174 3896 ad
1189 3830 1317 3895 Heren.
1334 3827 1387 3899 rr.'

272 3934 341 4011 Ἦ.)
385 3932 515 3998 Gellius
538 3936 576 4010 (1.
591 3934 646 3997 24.
672 3949 714 3996 ιι.
729 3932 784 3997 26.
809 3949 861 3996 ιν.
876 3934 930 3998 17.
953 3924 1186 4000 ιιι.14.ιιιιι.
1210 3932 1242 3997 2.
1265 3932 1298 3996 8.
1320 3916 1386 4001 29}

275 4049 357 4099 xlv,
373 4032 434 4118 1.),
449 4034 566 4100 etalii:
590 4034 649 4097 sed
664 4034 737 4097 haec
751 4034 986 4116 tragoediarum
1001 4034 1076 4119 ejus
1090 4034 1144 4097 vel
1157 4033 1376 4119 epigramma-

273 4137 357 4213 tum,
374 4152 440 4235 uon
461 4134 646 4214 satirarum,
669 4133 852 4219 fragmenta
868 4143 950 4207 suut
972 4141 1006 4200 et
1026 4134 1141 4201 tituli.'
1168 4134 1222 4200 De
1244 4131 1386 4239 ingenio·¹

513 4390 657 4434 κ’...υι
