3184 4917
623 429 658 474 D.
680 427 786 475 tulin
812 425 1025 477 minutius

646 1078 892 1171 SATIRA
921 1080 989 1169 11.

264 1338 415 1428 Unruu
431 1358 646 1425 Sauromatas
659 1359 772 1443 fugere
785 1330 862 1425 binc
877 1362 968 1439 libet,
990 1366 1024 1427 et
1038 1361 1214 1445 glacialem

266 1465 451 1538 Oceanum,
475 1462 606 1543 quoties
621 1462 747 1547 aliquid
761 1463 804 1527 dc
817 1465 963 1527 moribus
975 1463 1108 1542 audent,

267 1566 336 1647 Qui
351 1564 469 1629 Curios
484 1563 640 1643 similant,
662 1570 696 1629 ot
709 1565 940 1631 Bacchanalia
953 1566 1080 1631 vivrmt.

298 1760 373 1811 Jucnt
381 1758 468 1809 tunae
476 1757 590 1821 aufugere
596 1763 662 1809 trum
673 1760 805 1824 Sumuntur,
813 1766 836 1811 et
844 1729 991 1823 muregtncie
1001 1759 1334 1824 marmaritanorum
1343 1760 1373 1834 df

264 1826 485 1889 metoparum
501 1828 594 1873 career
604 1826 710 1888 imperiti
726 1827 803 1889 wide,
819 1826 861 1889 psi
871 1826 973 1891 ,tinguit
986 1824 1081 1888 Cuius,
1096 1829 1121 1873 et
1137 1825 1212 1874 adam
1222 1830 1297 1887 egunt
1308 1825 1373 1874 Buc-

728 1982 908 2009 emunda

298 2106 311 2151 1
329 2102 393 2152 aaa
402 2114 450 2165 pro
461 2100 518 2153 uter
529 2075 618 2154 ita—a
635 2100 740 2153 uiuunt
751 2100 845 2165 scripu
857 2114 905 2165 pro
915 2102 1040 2168 mina,
1052 2117 1101 2155 usu
1111 2101 1217 2167 quiem
1232 2101 1325 2167 invito,
1340 2114 1373 2158 aa

767 2266 874 2349 NOTiE

289 2394 313 2439 '1
334 2390 406 2441 Ultro
414 2390 577 2457 Samma]
594 2393 800 2459 cumvideoby-
840 2397 878 2459 gis
897 2396 1079 2459 triumphator,
1105 2393 1211 2443 interim
1231 2406 1294 2441 vero
1318 2390 1373 2443 Ro·

266 2467 385 2531 poerisim
397 2474 425 2519 et
435 2467 535 2533 flagitia
545 2468 659 2531 ipsorum
670 2472 715 2535 qui
731 2472 799 2536 sapi·
838 2486 922 2521 mana
933 2471 1091 2533 frugalitatis
1100 2484 1190 2519 norma
1196 2469 1274 2532 juxta
1282 2465 1373 2537 acfor-

266 2551 339 2594 estes
353 2544 485 2606 ridentur,
501 2550 530 2594 et
541 2558 596 2595 esse
611 2544 719 2609 debent,
739 2562 799 2611 pro·
839 2546 960 2597 titudinir
981 2546 1122 2610 specimen,
1144 2551 1177 2594 ut
1196 2544 1234 2593 stt
1252 2540 1373 2591 Valerius

265 2618 336 2671 fecto
353 2620 413 2671 binc
426 2621 541 2685 migrare
558 2622 636 2672 velim
653 2622 682 2673 in
701 2625 801 2689 longiu-
839 2624 970 2677 Μιιίιιιιιι
983 2636 1023 2674 ιν.
1038 2627 1063 2673 8.
1096 2622 1124 2672 Is
1135 2622 1248 2671 oblatam
1265 2620 1374 2685 abluo*

265 2710 329 2760 quar
337 2697 447 2749 maxime
458 2706 549 2761 terras,
561 2698 626 2749 adeo
635 2706 730 2749 cuncta
738 2706 800 2751 rint
839 2699 909 2749 tiburs
918 2699 1051 2765 ingenim
1062 2698 1182 2763 pecuniae
1197 2710 1321 2746 summurn
1332 2708 1373 2745 ree

267 2772 355 2823 Mutae
373 2770 515 2836 depravatu
533 2772 602 2838 apud
618 2770 800 2841 Philosophus,
839 2774 941 2826 cusarit
961 2775 1060 2836 dicens,
1081 2774 1158 2823 maile
1175 2788 1204 2823 se
1221 2785 1309 2821 eurum
1330 2770 1374 2818 ba·

265 2846 382 2910 iudices,
399 2848 516 2913 Nobiles,
532 2850 695 2901 Sacerdotes.
839 2851 964 2901 bentibus
982 2851 1121 2915 imperare,
1137 2864 1214 2915 quem
1228 2862 1318 2897 turrim
1329 2848 1373 2896 tru-

297 2922 461 2989 Sauruarutas]
489 2925 574 2977 Aliter
596 2926 729 2993 maana,
755 2929 800 2993 qui
838 2928 912 2977 bere.
945 2928 981 2977 Et
1002 2942 1062 2976 cum
1088 2926 1218 2991 exegisset
1237 2938 1271 2974 ex
1294 2922 1373 2973 Italis

265 2999 354 3064 populi
366 3002 548 3052 Roristbeuem
563 3002 631 3053 iuter
650 3019 680 3054 sc
691 3006 799 3054 Tanaim
839 3004 978 3067 Pyrrhum,
995 3003 1114 3067 epraedn
1124 3003 1204 3066 regia,
1223 3016 1281 3066 qun
1299 3014 1373 3051 exet·

265 3074 365 3138 fluuios,
389 3078 459 3125 ultra
485 3078 606 3141 paludem
637 3079 799 3143 Maeotidem,
839 3081 921 3130 eitum
939 3079 1079 3143 urbemque
1098 3079 1202 3140 ditarit,
1222 3079 1267 3127 ilie
1283 3078 1374 3142 sttiglt

265 3152 334 3215 regi,
351 3150 408 3213 feri,
428 3154 548 3216 equinum
559 3153 710 3216 sanguinem
728 3156 799 3203 lacte
838 3157 910 3206 nibil.
942 3156 1026 3205 Porro
1042 3156 1158 3204 decretis
1180 3169 1197 3203 ι
1212 3156 1312 3204 Senatu
1328 3170 1374 3220 po·

265 3226 375 3275 mixtum
385 3226 531 3289 potabaut3
549 3226 800 3277 dicuuturexAme·
839 3232 900 3295 pulo
911 3230 1027 3294 septenis
1044 3232 1138 3294 cuique
1153 3229 1289 3293 jugeribus
1307 3231 1374 3295 egri,

265 3300 370 3350 uorsibus
382 3300 492 3363 oriundi,
504 3306 534 3350 ut
545 3299 602 3350 fuse
612 3308 701 3351 narrat
717 3302 800 3353 liero-
842 3306 921 3356 Curio
932 3319 995 3355 vero
1005 3305 1209 3371 quinquaginta;
1226 3304 1248 3354 is
1264 3306 1372 3368 popule-

265 3376 320 3425 dot.
332 3378 349 3424 l.
362 3376 493 3425 sudabis
507 3376 577 3428 Plio.
588 3391 624 3427 rr.
636 3381 677 3428 12.
690 3384 718 3427 et
729 3378 799 3429 alibi.
841 3382 875 3430 ris
887 3379 1065 3445 assignationis
1082 3394 1113 3429 sc
1128 3394 1256 3429 mensurae
1267 3380 1372 3431 modum

264 3452 366 3503 Gellius
388 3464 427 3504 rx.
447 3457 471 3503 4.
505 3454 564 3504 Illic
584 3454 660 3504 bodie
677 3456 801 3507 'l'srtaria
840 3457 971 3508 excedere
981 3457 1073 3521 noluit,
1081 3471 1173 3521 parum
1184 3455 1373 3507 idoneumRei·

265 3544 355 3595 parra,
371 3530 550 3580 etltioucoria
562 3546 734 3595 maguspars.
839 3530 954 3596 publicus
978 3531 1061 3581 civem
1081 3531 1242 3594 existimans,
1268 3532 1313 3597 qui
1341 3546 1373 3581 eo

299 3608 430 3657 Giucinlem
445 3607 575 3671 Oceanum]
594 3607 634 3657 Ad
647 3609 744 3659 Zonaur
756 3624 800 3674 ge-
840 3607 908 3672 quod
926 3606 1032 3671 reliquis
1053 3608 1215 3657 tribueretur
1232 3616 1372 3659 contentus

264 3683 353 3746 lidum,
363 3698 452 3734 versus
461 3684 549 3747 Polou,
561 3684 604 3735 ubi
617 3692 725 3749 propter
736 3687 799 3735 essi·
839 3698 891 3733 uon
903 3688 980 3734 esset.
1014 3684 1088 3733 Idem
1105 3682 1161 3733 fere
1171 3691 1260 3733 namt
1271 3684 1372 3735 Plinius

264 3761 344 3811 duum
362 3761 443 3826 t'rigus
463 3770 540 3812 terre
560 3764 671 3828 steriles,
693 3772 721 3815 et
739 3764 799 3816 binc
841 3772 923 3810 111111·
935 3764 959 3809 ³·
984 3760 1057 3811 Curii
1074 3760 1180 3825 quidem
1198 3769 1260 3825 post
1282 3764 1397 3813 trium,

246 3863 248 3867 ·
265 3838 317 3887 rari
327 3838 428 3901 incola,
446 3838 516 3904 iique
534 3847 641 3904 egentes
656 3846 684 3890 et
701 3840 800 3904 miseri,
839 3837 903 3900 phos
914 3844 977 3886 nott
995 3836 1087 3887 concio
1107 3843 1160 3899 est,
1176 3837 1270 3901 inquit,
1286 3838 1373 3901 pemi-

264 3928 344 3976 parvo
357 3914 518 3977 victitantes,
536 3914 696 3981 proindeque
708 3932 798 3981 parum
839 3912 936 3962 ciosum
947 3928 1006 3963 eum
1023 3913 1134 3977 intelligi
1149 3914 1243 3976 civem,
1261 3915 1303 3962 cut
1313 3926 1371 3978 sep·

263 3989 360 4040 vitiosi.
839 3994 891 4037 tem
903 3990 958 4052 agri
966 3988 1222 4052 jugeranonessent
1234 3988 1306 4038 setis.

297 4066 418 4117 tetrior
426 4064 547 4129 similant]
561 4065 799 4118 Preteruntvitrm
870 4064 1042 4128 Βιωλωωίι]
1062 4064 1094 4115 ln
1103 4066 1197 4131 quibus
1207 4064 1371 4116 sentiamus

266 4142 445 4193 continentem
457 4150 484 4192 et
494 4150 619 4207 sanctam,
631 4144 732 4207 qualem
744 4144 801 4209 egit
838 4140 920 4189 omnis
940 4142 1074 4205 spurcitie
1093 4157 1124 4191 se
1141 4140 1320 4205 turpitudinis,
1339 4148 1371 4192 ut

264 4215 304 4264 ui.
317 4214 361 4263 ille
373 4218 465 4266 Curius
480 4217 621 4278 Dentatus,
638 4217 799 4281 Sabinorum,
839 4214 928 4265 ridere
939 4223 979 4265 est
988 4216 1057 4282 apud
1075 4217 1177 4267 livium
1190 4228 1288 4267 mix.
1299 4220 1323 4268 8.
1342 4224 1372 4269 et

264 4291 800 4357 Saruuitum,bucsnorum,etPyrrbiRe·
840 4298 958 4356 sequent.
