3184 4917
269 308 335 377 ulo
639 320 794 383 nausii
816 316 1028 366 suenusnrs

269 466 370 533 Nunc
385 466 473 533 socri
486 465 587 531 soniis
600 484 731 542 nemus,
743 469 777 527 et
788 462 925 527 delubro
938 462 1090 526 locentur

268 569 292 635 J
292 568 412 649 udaeis,
426 588 568 653 quorum
582 567 758 653 cophinus,
772 566 964 648 ioenumque
978 563 1142 646 supellex.

270 670 488 761 Omnisenim
499 670 626 754 populo
639 668 825 735 mercedem
838 666 982 751 pendere
991 668 1089 750 jusso
1102 669 1156 729 est
1329 653 1373 722 15

269 770 391 850 Arbor,
407 777 441 836 et
453 772 569 856 ejectis
584 772 749 836 mendicat
762 772 849 835 silve
859 767 1026 833 Camenis.

270 873 311 939 In
324 875 447 939 vallem
462 874 607 957 AEgcriso
623 873 865 948 descendimus,
879 877 914 937 et
927 871 1104 954 speluncas

273 975 463 1041 Dissimiles
479 980 577 1043 veris.
620 976 756 1056 Quanto
770 974 988 1059 praestantius
1008 976 1101 1036 esset

272 1126 360 1175 nosti
365 1126 453 1189 sestis,
462 1142 490 1177 se
500 1126 562 1188 fuso
572 1128 774 1177 ιωοιιιιιᾶωιι
783 1124 885 1186 Judoeis,
894 1118 991 1187 peonis
1009 1119 1164 1185 arpsllectilio
1179 1122 1240 1168 suut
1254 1119 1344 1180 ports,
1352 1118 1377 1163 ei

273 1188 368 1241 lorum.
395 1194 456 1241 Nom
465 1192 567 1253 singulo
582 1192 676 1241 arbores
683 1190 800 1251 jubentur
814 1190 918 1253 pretim
934 1188 1005 1237 Plebi
1019 1188 1114 1247 nivers,
1124 1190 1195 1247 sique
1205 1196 1285 1231 ussus
1293 1180 1379 1243 stipas

272 1258 343 1317 rogos
404 1257 463 1306 uisis
480 1258 566 1305 Muris.
605 1256 636 1305 Iu
654 1270 710 1304 enm
726 1254 834 1315 AEgerioe
846 1254 931 1302 sallem
946 1254 1088 1309 &terim
1104 1255 1128 1299 et
1145 1250 1171 1299 iu
1184 1247 1380 1319 specssdispsres

272 1320 377 1371 ntuetr·
422 1355 429 1372 .
461 1320 499 1371 At
513 1336 582 1385 quoru
591 1319 745 1381 sssliesforei
755 1316 942 1381 Numesfortis,
951 1319 972 1367 si
981 1331 1081 1379 nones
1091 1313 1190 1365 adiret
1200 1326 1273 1376 equos
1282 1312 1336 1373 ripe
1345 1323 1380 1358 rs·

754 1446 916 1468 ”eunuco

275 1526 332 1592 hut)
341 1543 409 1594 conj.
422 1532 560 1583 Dorlosus.
591 1534 648 1595 Ego
660 1532 745 1595 potius
756 1545 805 1594 pro
817 1530 878 1591 llic,
889 1527 958 1594 quod
972 1527 1084 1577 alienum
1095 1524 1198 1575 videtur
1207 1520 1240 1571 ub
1250 1520 1274 1569 li.
1285 1520 1305 1567 l.
1316 1531 1379 1582 quo·

274 1592 343 1643 rilem
358 1594 431 1645 lucus
451 1596 501 1646 iste
521 1612 537 1645 u
553 1604 631 1660 ports
648 1596 755 1661 Cspens
772 1596 934 1658 eliquentum
951 1592 1052 1649 uberet,
1070 1588 1207 1653 legendum
1225 1582 1381 1634 crediderim

276 1656 351 1721 Iliso,
360 1665 389 1708 ut
400 1674 490 1711 sensus
506 1662 554 1711 sit:
574 1660 644 1711 Hinc
656 1674 807 1725 progressus
817 1658 964 1709 Umbricius
977 1655 1093 1705 substitit
1105 1652 1235 1716 paululum
1252 1649 1285 1697 sd
1296 1649 1382 1697 lucum

274 1722 520 1775 cuthenorum-lb
545 1724 617 1775 Orosi
637 1731 678 1785 ⁴5.
706 1726 806 1788 populus
827 1728 867 1773 lb.
896 1724 984 1770 soloen
1005 1735 1052 1782 pro
1071 1720 1231 1781 perderem.
1248 1718 1289 1762 22.
1307 1716 1383 1761 nt.-

276 1790 308 1836 16
319 1787 435 1838 Cmoerris
445 1791 563 1839 scribunt
580 1790 639 1839 elii:
663 1790 749 1838 nescio
759 1800 850 1853 quere,
865 1800 923 1837 cum
934 1786 1007 1847 origo
1023 1782 1092 1832 vocis
1109 1794 1212 1855 prorsus
1228 1792 1275 1827 uos
1291 1775 1383 1838 istest,

277 1856 306 1899 et
325 1858 412 1902 nostre
431 1855 563 1918 scripture
583 1854 674 1917 mojori
688 1853 788 1902 nitetur
799 1851 956 1901 auctoritate
975 1854 1092 1897 veterum
1104 1844 1167 1894 libb.
1186 1842 1278 1908 quibus
1295 1847 1385 1889 temen

276 1928 368 1979 porum
391 1918 418 1966 ln
436 1918 476 1967 his
492 1916 623 1968 fidendum
648 1924 698 1980 est,
717 1917 778 1981 quis
801 1915 975 1979 diphthongos
997 1926 1048 1961 nou
1071 1908 1294 1974 exprimunt—ll
1311 1909 1384 1968 utque

275 1981 396 2043 speiussos
411 1986 452 2032 22.
469 1988 498 2032 ut
515 1987 682 2033 succurretur
693 1980 763 2031 forte
782 1987 876 2041 metro,
892 1978 961 2043 quod
973 1986 1060 2026 tomen
1079 1976 1117 2025 its
1135 1973 1221 2036 potius
1238 1971 1383 2045 laboret..—

278 2049 311 2097 18
328 2044 422 2102 mni·
429 2048 570 2111 praestitis
580 2051 639 2097 esset
651 2048 745 2097 Nosses
755 2060 823 2111 sque
834 2052 917 2107 recte,
934 2049 1008 2107 poto,
1024 2039 1125 2091 emend.
1141 2038 1233 2088 lleins.
1250 2036 1285 2085 ud
1303 2032 1382 2083 Ouid.

780 2156 887 2212 NOTAE

277 2264 356 2320 cepte
371 2258 431 2308 Diis
442 2258 628 2310 immortalibus
646 2260 724 2310 Sacro
738 2259 811 2311 lusti·
884 2260 916 2307 11
937 2255 1043 2312 Quorum
1056 2250 1177 2319 mm>
1190 2248 1327 2310 smmlu
1345 2258 1384 2293 *ι’

279 2332 371 2382 tuere.'
848 2334 939 2402 pelta]
959 2334 1034 2385 Adeo
1046 2334 1266 2397 peupermerunt.

312 2412 343 2458 111
360 2406 515 2470 Suerifossiis
526 2410 619 2473 ιιιιιι]
639 2410 725 2461 Livius
734 2424 753 2461 1.
763 2409 811 2461 cit.
884 2420 914 2465 lb
940 2413 1025 2461 Omnis
1033 2411 1096 2461 esim
1104 2408 1201 2473 populo,
1216 2406 1269 2469 ire]
1293 2403 1386 2455 Teubn-

279 2486 320 2534 21.
340 2482 445 2535 ‘Lucus
455 2485 531 2547 erst,’
543 2486 638 2551 iuquit,
653 2486 747 2551 ‘quem
759 2500 811 2536 me·
851 2504 903 2556 que
919 2496 960 2539 est
971 2487 1081 2538 esuritis
1091 2484 1185 2549 Populi
1198 2480 1319 2545 Romsni,
1328 2486 1358 2530 st
1370 2493 1386 2528 u

279 2560 349 2611 dium
361 2574 395 2611 ex
407 2575 490 2625 opsco
501 2576 581 2625 specu
593 2560 650 2611 fons
662 2564 767 2627 perenni
779 2562 813 2613 ri·
852 2566 954 2617 miseris
973 2564 1063 2627 exiget
1089 2561 1215 2613 tributum
1236 2572 1283 2622 pro
1304 2554 1387 2606 sscris

279 2634 360 2699 gebel
381 2652 458 2703 uque,
481 2652 530 2703 quo
555 2638 616 2703 quis
643 2652 671 2687 se
693 2652 813 2704 persaepe
851 2643 926 2702 locis,
935 2649 964 2691 et
975 2655 1023 2705 pro
1033 2638 1140 2703 singulis
1150 2634 1286 2685 arboribus
1300 2644 1388 2682 nemo·

279 2712 306 2763 N
309 2727 368 2765 usus
378 2712 432 2763 sine
444 2714 549 2765 srbitris
562 2715 634 2766 velut
645 2716 679 2765 sd
694 2730 814 2781 congres·
854 2720 985 2782 sisinius,
1002 2731 1109 2784 querum
1121 2714 1161 2763 vel
1173 2712 1264 2762 umbre
1275 2708 1337 2772 frui,
1346 2706 1389 2757 rel

281 2802 337 2838 sum
361 2788 427 2839 Deae
446 2789 585 2853 inferebat,
606 2791 734 2842 Camoeuis
754 2806 814 2843 eum
854 2786 1222 2861 rdqussjumeutsligsrifss
1232 2795 1281 2837 est.

281 2865 366 2915 locum
382 2866 507 2929 secrevit,
519 2867 588 2933 quod
598 2882 687 2918 curum
702 2867 738 2918 ibi
756 2881 816 2917 con·
888 2875 921 2923 lo
939 2870 1063 2920 blendieot
1080 2866 1153 2931 ιὶ1υι]
1181 2864 1327 2926 hieronym.
1341 2873 1388 2923 pro

281 2940 341 2991 cilis
350 2956 408 2991 oum
420 2944 531 3008 conjuge
541 2958 588 2995 suo
597 2944 703 3009 AEgeris
711 2944 815 2996 esseut!
855 2948 1005 2999 mendicent
1015 2946 1159 2996 incolentes
1167 2941 1258 2992 silvem
1269 2940 1285 2991 J
1288 2938 1364 2988 ndei.

281 3014 356 3067 ldem
367 3015 449 3066 refert
460 3018 593 3068 Plntsrch.
605 3018 632 3067 in
642 3020 703 3068 Vite
713 3020 816 3070 Numae.
889 3023 980 3085 mestis
1010 3020 1131 3083 omno]
1176 3018 1278 3069 Quibus
1305 3016 1391 3066 Nums

315 3090 432 3154 Delubra]
468 3093 537 3145 Quid
556 3094 660 3158 proprie
686 3093 816 3157 delubrum,
857 3099 957 3165 pridem
979 3100 1146 3145 consecraret
1166 3095 1262 3151 lucum,
1283 3090 1393 3155 tontem,

282 3164 363 3217 docet
378 3181 411 3216 ex
430 3166 547 3217 Varrone
568 3168 716 3219 Macrobius
731 3182 775 3218 111.
790 3174 817 3219 1.
857 3173 1008 3224 delubrum:
1024 3177 1055 3220 ut
1065 3184 1125 3219 mox
1135 3184 1150 3219 e
1162 3167 1236 3217 Livio
1246 3166 1367 3215 diximus.

283 3240 382 3292 ‘AEdes
394 3242 512 3292 nimirum
521 3256 580 3293 cum
593 3244 818 3310 eresest,’iuquit,
891 3252 922 3297 17
948 3246 979 3296 Ιι
996 3246 1086 3295 Vellere
1099 3242 1207 3307 Egerio
1221 3240 1392 3305 dmesdisors]

283 3316 407 3367 ‘etsicut
417 3318 489 3369 locus
501 3318 617 3369 candelos
625 3318 819 3385 condelabrum,
857 3323 944 3377 Ambo
962 3322 1113 3374 devenimus
1128 3333 1178 3385 ego
1197 3318 1346 3382 amicosque
1366 3317 1393 3368 iu

283 3394 321 3445 sic
333 3394 385 3443 Dei
396 3395 468 3445 locus
484 3392 638 3445 delubrum:
663 3392 748 3445 Aliter
765 3410 819 3445 om·
858 3417 917 3453 eum
939 3401 1035 3462 lucum,
1053 3398 1087 3449 de
1109 3411 1160 3463 quo
1179 3410 1250 3460 roos,
1267 3400 1296 3445 et
1313 3393 1391 3444 Osld.

284 3470 344 3522 uino
355 3470 494 3533 Asconius,
504 3471 626 3535 ‘Temple
637 3470 715 3533 sunt,‘
726 3470 821 3537 inquit,
859 3480 960 3528 Furor.
970 3488 1014 3527 ιιι.
1030 3474 1153 3539 ‘AEgeris
1166 3478 1208 3523 est
1222 3486 1281 3537 que
1293 3471 1393 3536 prebet

283 3548 362 3599 ‘locs
370 3548 471 3613 singulo
484 3548 541 3597 Diis
551 3549 691 3609 sttribum;
710 3548 821 3599 delubro
860 3568 948 3618 eques,
981 3553 1042 3602 Dee
1073 3557 1151 3613 grets
1178 3549 1314 3600 &messim
1342 3547 1393 3599 llis

284 3640 348 3676 vero
368 3625 440 3676 sedes
466 3626 554 3675 multo
581 3625 629 3676 sub
652 3641 702 3676 rino
730 3626 819 3677 tecto!
861 3631 955 3683 Numa
966 3628 1064 3692 conjnx
1074 3627 1261 3691 consiliumque
1272 3624 1341 3677 iuio’

286 3702 378 3752 Festus
400 3700 587 3751 decorticatum
604 3717 651 3753 sen
666 3703 820 3753 delibrstmu
893 3706 1021 3771 speleum
1041 3702 1166 3753 Misia
1187 3702 1261 3766 ocris]
1301 3702 1395 3753 Nous

286 3775 380 3829 fustem
393 3777 529 3827 delubrum
544 3780 640 3843 vocari,
650 3793 760 3845 eumque
771 3794 820 3847 pro
858 3791 952 3837 usturs
963 3781 1010 3831 sed
1018 3787 1076 3833 orte
1088 3787 1227 3831 esmrstss
1239 3794 1323 3845 rupes.

285 3852 346 3905 Deo
358 3855 456 3905 cultum
467 3854 545 3907 sitisse
557 3856 657 3907 scribit.
892 3864 924 3910 18
949 3859 1046 3916 Quare
1067 3856 1314 3920 prominenti,
1340 3856 1394 3921 lm]

317 3928 437 3980 dorm
449 3930 554 3994 Judaeb]
579 3932 668 3984 ludaei
682 3932 724 3982 sel
739 3933 820 3983 etism
860 3937 945 3990 Quem
956 3939 1096 3998 pressisset
1106 3932 1241 3996 reliquisse
1251 3933 1328 3982 situm
1342 3932 1394 3983 looi

287 4006 580 4060 ChristiouiDomitiuui
589 4007 681 4059 Edicto
692 4008 755 4059 urbe
763 4010 820 4073 pul·
859 4013 1014 4073 nminem,
1035 4009 1156 4061 nimirum
1179 4004 1237 4057 sous
1260 4014 1330 4059 esset
1350 4010 1394 4058 cui

286 4084 309 4131 ιὶ
321 4084 426 4138 inesse
439 4084 496 4135 locs
506 4092 673 4149 receperunt,
682 4092 710 4135 et
723 4100 770 4155 pro
782 4086 819 4137 lo·
860 4086 984 4154 Nympha
992 4085 1163 4153 presideret:
1181 4082 1272 4147 etrips
1278 4084 1394 4148 momine

183 4216 188 4239 Ι
287 4157 389 4208 catione
398 4156 541 4211 mercedem
553 4158 679 4226 pendunt.
1380 4198 1385 4205 -
