3184 4917
275 394 298 457 4
726 404 933 458 vanravro.

277 568 330 629 est
343 562 386 629 ad
398 579 529 627 manum
543 578 616 624 esse
630 564 699 624 tum
717 559 854 624 codices
869 559 942 642 ejus
953 558 1095 642 scriptos
1109 563 1143 625 et
1155 554 1271 637 editos,
1293 576 1377 642 quo·

274 686 347 732 rum
360 686 498 749 magnus
512 670 564 728 est
577 682 743 739 numerus,
765 668 836 727 tum
861 664 1005 744 optimas
1029 670 1209 728 ceterorum
1231 665 1376 748 antiqui·

273 770 340 832 oris
366 769 432 833 aevi
469 772 639 831 auctorum
663 766 837 843 editiones,
873 765 1059 849 multosque
1087 765 1171 828 alios
1204 765 1308 829 libros
1341 770 1376 830 et

273 871 537 946 commentarios,
560 869 681 951 quibus
706 873 740 931 et
762 868 911 932 recensio
925 874 958 933 et
977 870 1200 952 interpretatio
1214 867 1302 932 illius
1316 867 1375 932 ad·

267 972 381 1056 juvari
404 976 515 1055 queat.
560 970 672 1053 Hujus
697 990 778 1033 vero
804 971 1019 1054 supellectilis
1043 972 1202 1047 librariae,
1233 989 1310 1051 quae
1340 974 1374 1034 et

269 1079 362 1139 tanta
376 1082 439 1153 est,
463 1072 587 1137 etmihi
601 1071 745 1155 quidem,
768 1074 825 1154 qui
843 1073 885 1135 ab
900 1074 990 1136 omni
1004 1078 1074 1137 tam
1098 1072 1244 1154 publicae
1271 1089 1374 1153 quam

269 1176 410 1258 privatae
426 1173 649 1250 bibliothecae,
671 1174 778 1254 copiis
800 1174 955 1238 litorariis
973 1175 1155 1251 instructae,
1177 1193 1242 1236 nsu
1258 1172 1373 1236 exclu-

270 1294 429 1355 sussum,
451 1295 549 1360 paene
563 1276 668 1339 omnis
683 1273 814 1338 aliunde
833 1276 1019 1357 colligenda
1038 1277 1112 1354 fuit,
1135 1277 1187 1341 vel
1201 1276 1372 1339 minimam

268 1386 395 1464 partem
422 1379 612 1461 conquirere
634 1396 735 1459 quam
759 1376 894 1440 difficile
917 1378 1027 1455 fuerit,
1056 1378 1154 1443 facile
1173 1378 1371 1460 intelligitur.

268 1478 411 1545 Illustris
429 1478 562 1562 quidem
578 1477 732 1555 Harun,
755 1496 833 1560 quae
863 1497 1021 1559 generosa
1043 1480 1118 1564 ejus
1142 1479 1372 1544 benevolentia

267 1586 330 1660 est,
352 1580 433 1645 mihi
447 1582 544 1644 etiam
559 1580 643 1643 ultro
658 1579 829 1653 librorum,
851 1580 972 1659 quibus
986 1598 1143 1656 carerem,
1167 1601 1262 1645 usum
1275 1581 1371 1645 obtu-

266 1684 315 1747 lit.
362 1681 430 1745 Sed
459 1699 589 1745 omnem
615 1698 721 1741 meam
750 1697 888 1761 operam
906 1678 1084 1743 lectoribus
1106 1682 1213 1744 minus
1237 1682 1371 1763 probari

265 1784 375 1866 iisqne
389 1781 647 1863 haudquaquam
668 1779 863 1842 satisfacere
876 1778 989 1858 malui,
1013 1800 1123 1864 quam,
1147 1782 1279 1865 quoties
1293 1780 1370 1849 Viri

266 1884 408 1960 Summi,
430 1889 479 1947 tot
495 1888 628 1963 tamque
643 1883 801 1963 gravibus
815 1884 955 1965 negotiis
978 1882 1133 1962 districti,
1156 1904 1222 1969 ope
1242 1884 1369 1967 indige-

263 2007 345 2063 rem,
376 2000 450 2047 eam
474 1984 662 2066 implorare.
709 1981 811 2062 Quod
834 1990 945 2049 tamen
968 1986 1012 2050 ad
1037 1986 1171 2051 codices
1193 1987 1368 2052 Juvenalis

264 2092 335 2152 tum
348 2105 449 2150 manu
462 2084 605 2167 scriptos
619 2089 688 2148 tum
702 2084 810 2149 editos
825 2088 952 2165 attinet,
974 2088 1075 2170 plane
1093 2087 1246 2171 indignus
1262 2089 1367 2153 forem

261 2186 492 2252 benevolentia
531 2186 815 2251 celeberrimorum
855 2188 1244 2273 humanissimorumque,
1281 2210 1365 2273 quos

262 2296 347 2355 aetas
361 2293 476 2354 nostre
489 2286 576 2365 tulit,
597 2290 753 2367 virorum,
776 2291 839 2354 nisi
860 2293 1047 2374 gratissimo
1062 2292 1231 2376 profiterer
1243 2293 1364 2372 animo,

261 2412 314 2455 rue
328 2398 452 2457 tautam
465 2391 597 2457 illorum
613 2390 746 2476 copiam
760 2392 792 2455 ei
813 2398 986 2475 acceptam
1000 2394 1130 2473 referre,
1152 2400 1189 2459 ut
1203 2395 1363 2459 decimam
1459 2482 1463 2486 ‚

261 2495 320 2557 vix
342 2496 468 2576 partem
492 2493 648 2577 cuiquam
674 2494 854 2577 contigisse
881 2496 1084 2575 crediderim,
1108 2498 1165 2580 qui
1185 2498 1365 2563 accesserit

258 2594 304 2659 ad
320 2594 453 2678 poetam
467 2592 799 2659 nostrumedendum.
845 2594 943 2661 Misit
966 2597 1009 2661 ad
1033 2618 1087 2661 me
1108 2598 1251 2663 anuu
1272 2599 1363 2665 codi-

259 2716 331 2761 cem
347 2694 585 2780 Kulenkamp,
608 2694 875 2762 Scburzfleiscbii
900 2699 1050 2783 spicileg.
1073 2700 1309 2767 animadversa
1328 2703 1365 2765 in

257 2796 412 2863 Juvenal.
436 2802 469 2861 et
490 2795 582 2863 editt.
611 2794 756 2861 Aldinas
780 2802 860 2877 tres,
891 2797 991 2864 Rom.
1020 2821 1084 2884 pr„
1117 2798 1238 2865 Venet.
1264 2802 1361 2867 1475.

257 2897 354 2962 1478.
384 2898 481 2963 1482.
500 2897 598 2962 1486.
623 2897 721 2963 1487.
747 2900 846 2965 lanz.
870 2899 970 2966 1494.
995 2900 1359 2969 1501.1515.Vicent.

257 3000 355 3064 1480.
379 3000 475 3064 Brix.
502 2999 600 3064 1486.
631 2998 841 3085 Norimberg.
868 3003 966 3069 1497.
996 3003 1104 3086 Lugd.
1132 3006 1230 3071 1507.
1261 3006 1360 3071 1560.

255 3100 353 3165 1564.
378 3100 488 3165 Paris.
512 3100 731 3166 15281535.
756 3103 1079 3168 154415451616.
1106 3103 1358 3171 (1166661529.

255 3200 415 3286 Antverp.
430 3202 527 3268 1565.
551 3200 713 3268 Harenas
729 3203 845 3269 variet.
861 3204 936 3267 cod.
953 3208 986 3267 et
1003 3202 1136 3285 Fragm.
1150 3203 1281 3288 Erlang.
1299 3206 1357 3271 Du

256 3302 401 3368 Hannrr
427 3303 487 3389 (ex
517 3304 675 3371 Biblioth.
705 3306 870 3371 Sereniss.
896 3302 1004 3370 Ducis
1034 3303 1254 3390 Oldenburg.)
1275 3308 1356 3374 edit.

255 3403 363 3487 Lugd.
378 3406 475 3471 1501.
502 3412 535 3473 et
557 3408 765 3473 Brix.1501.
810 3408 1054 3472 Nonnuucun
1069 3414 1203 3473 auctore
1219 3408 1355 3473 Kuaurc

253 3524 338 3571 varr.
363 3506 437 3571 lect.
461 3506 535 3571 cod.
559 3508 724 3574 Schwarz.
748 3512 781 3572 et
801 3507 893 3573 editt.
913 3504 998 3571 Van.
1021 3508 1355 3579 1491.1512.Brix.

252 3606 350 3670 1501.
367 3606 461 3690 Lips.
483 3610 578 3671 1504.
594 3608 718 3689 Argen.
732 3608 831 3673 1527.
854 3606 1014 3674 Lauerna
1036 3609 1133 3678 codd.
1149 3610 1353 3701 Guelferbyt.

252 3713 403 3790 quatuor,
448 3708 583 3773 Dncnu
608 3726 695 3772 varr.
724 3708 816 3772 lectt.
846 3709 985 3775 duorum
1010 3711 1109 3777 codd.
1143 3714 1350 3784 Sebiinbom.

253 3804 543 3874 Vausuuunvaa
569 3809 720 3873 varietat.
742 3810 818 3874 cod.
835 3810 1015 3893 Ulmensis,
1038 3812 1209 3881 Gnrsnna
1224 3818 1354 3880 61116-

252 3924 345 3973 aruc
370 3910 467 3975 codd.
490 3908 572 3972 duos
598 3908 773 3975 Gotbanos
793 3917 827 3976 et
859 3912 1028 3981 Plathneri
1059 3915 1165 3980 lectt.
1197 3914 1351 3984 Juvenal.

252 4008 356 4074 Bacn
381 4018 413 4075 et
435 4006 599 4073 Kurumr.
623 4006 697 4076 cod.
721 4010 816 4096 Lips.
841 4020 875 4079 et
897 4015 989 4081 editt.
1012 4016 1107 4099 Lips.
1140 4016 1350 4085 14971507.

250 4106 336 4173 Ven.
361 4110 457 4175 1498.
491 4107 627 4191 Argent.
651 4112 747 4179 1518.
775 4114 990 4201 Heidelberg.
1020 4118 1117 4183 1590.
1162 4118 1351 4183 chnnnu-

251 4224 359 4274 srruu
385 4215 418 4276 et
444 4209 750 4280 Faunosurnarr.
774 4218 863 4285 lectt.
888 4219 964 4285 cod.
991 4219 1178 4307 Hamburg.
1203 4228 1238 4288 et
1258 4222 1350 4290 editt.
