3184 4917
575 358 774 411 nxcunsus
795 358 849 407 an
871 359 951 409 sar.
976 361 1005 411 ι.
1282 340 1346 409 171

583 1124 1008 1203 EXCURSUS

665 1348 718 1403 ΑΙ)
734 1351 809 1405 ΒΑΤ.
827 1352 851 1403 Ι.
869 1358 927 1405 180.

281 1626 553 1699 Vnrrnrrnurnn
576 1635 656 1701 oiim
679 1638 743 1703 viri
770 1636 862 1702 docti
882 1636 1108 1722 disceptarunt
1136 1636 1346 1705 interseris

240 1730 427 1799 Arabarche
441 1736 493 1799 vel
511 1732 692 1802 Alabarcbc
714 1739 782 1817 illo,
807 1745 841 1803 et
860 1740 967 1803 adbuc
989 1740 1051 1802 sub
1071 1738 1185 1823 judice
1206 1738 1250 1803 lis
1272 1744 1344 1803 est:

240 1834 406 1920 adquam
435 1837 649 1905 dirimendam
673 1842 732 1906 vix
758 1844 936 1925 quicquam
960 1842 1085 1907 facient
1110 1840 1257 1919 codices,
1287 1840 1344 1923 qui

238 1938 328 2003 baud
350 1941 491 2019 variant,
514 1942 543 2005 si
562 1962 692 2027 paucos
707 1946 892 2027 exceperis,
915 1963 1055 2027 quorum
1069 1944 1228 2007 lectiones
1243 1958 1345 2024 supra

238 2038 282 2104 ad
305 2040 337 2104 lr.
352 2040 375 2103 l.
399 2045 662 2124 percensuimus.
688 2043 777 2123 'Qui
805 2044 975 2127 vulgatam
1000 2048 1130 2109 tuentur
1155 2044 1343 2121 lectionem,

101 2194 111 2213 .
239 2138 444 2205 Arabarches
478 2143 545 2209 dici
582 2152 699 2229 putant
725 2148 777 2213 vel
806 2147 938 2211 mollem
962 2146 1100 2211 Arabiae
1128 2144 1342 2229 preesccbrm3

238 2244 291 2307 vel
316 2264 402 2323 eum,
424 2246 481 2329 qui
505 2249 680 2331 praefuerit
692 2248 873 2327 AmbibuS,
897 2248 930 2314 h.
946 2269 976 2313 e.
1003 2250 1120 2325 servis,
1143 2266 1188 2311 ex
1214 2246 1341 2311 Arabia

240 2344 381 2409 Romam
407 2346 575 2431 advecb's;
606 2350 661 2415 vel
689 2351 886 2435 praesectum
910 2347 1127 2428 Arabarcbr'a,
1160 2348 1194 2414 h.
1209 2369 1239 2415 e.
1266 2368 1343 2414 vec·

239 2440 342 2531 iignii,
363 2468 425 2531 pro
449 2452 645 2516 animalibus
669 2454 836 2532 solvendo,
868 2471 1009 2537 quorum
1037 2454 1152 2536 ingens
1172 2453 1275 2537 copia
1298 2472 1343 2517 ex

238 2548 365 2613 Arabia
379 2550 414 2614 in
424 2550 607 2635 AEgyptum
622 2552 744 2619 abduci
757 2555 857 2619 solita
870 2555 987 2636 fuerit3
1010 2554 1058 2640 (v.
1071 2552 1280 2620 codJastin.
1292 2570 1343 2620 ιν.

238 2651 292 2715 61.
307 2648 360 2735 9.)
372 2654 425 2717 vel
440 2650 582 2739 denique
596 2657 834 2738 magistratum,
857 2657 901 2721 ab
915 2657 1056 2740 AEgypti
1075 2656 1189 2720 Nomo
1203 2656 1342 2721 Arabiae

240 2748 374 2831 dictum,
396 2759 431 2818 et
443 2753 720 2835 Alexandrinum,
744 2759 834 2842 quod
857 2758 1018 2840 colligunt
1040 2778 1083 2821 cx
1107 2756 1179 2822 Cic.
1201 2755 1245 2821 ad
1270 2754 1341 2821 att.

240 2868 281 2919 ii.
304 2856 358 2921 17.
383 2857 441 2921 abi
464 2859 499 2921 in
525 2858 601 2923 aliis
623 2860 717 2923 libris
732 2856 932 2923 Arabarches
953 2858 1082 2941 legitur,
1114 2859 1148 2922 in
1171 2858 1246 2922 aliis
1260 2854 1344 2921 Ala-

240 2954 376 3021 harcies.
399 2958 472 3023 Cni.
497 2960 545 3023 ibi
571 2960 683 3044 Intpp.
704 2966 738 3024 et
759 2958 961 3042 wesseling.
986 2958 1027 3023 de
1041 2956 1202 3024 Archont.
1223 2958 1343 3024 Judae·

238 3076 331 3123 orum
353 3078 383 3125 c.
399 3060 431 3125 8.
474 3058 544 3125 Alii
560 3058 752 3125 Alabarcbes
775 3060 946 3143 legendum
970 3061 1173 3140 existimant,
1194 3066 1228 3125 et
1250 3062 1343 3127 varie

238 3158 503 3243 interpretantur,
534 3182 568 3228 v.
592 3184 621 3229 c.
649 3162 822 3247 Cujecius,
844 3162 965 3241 (Obss.
992 3179 1073 3230 vrri.
1096 3162 1170 3249 37.)
1199 3162 1341 3243 Ernesti,

238 3261 288 3347 (in
301 3263 388 3327 clavi
403 3264 477 3330 Cic.
493 3271 525 3330 et
539 3265 672 3350 quidem
683 3266 717 3330 in
727 3264 802 3331 Ind.
816 3264 894 3331 hist.
906 3289 938 3351 p.
951 3264 1025 3350 92.)
1047 3265 1224 3345 Brodaeus,
1243 3266 1343 3344 (Mis-

236 3365 309 3431 cell.
325 3382 375 3430 rv.
388 3364 438 3451 2.)
459 3373 494 3433 et
514 3367 689 3433 Turnebus
713 3365 872 3453 (Adsere.
899 3383 1027 3430 xxvii.
1047 3364 1120 3451 25.)
1147 3368 1343 3449 magistrum

216 3468 411 3555 *scripturae
442 3470 496 3534 vel
518 3468 692 3552 vectigalis
715 3490 733 3533 e
756 3470 901 3554 pascuis,
934 3470 978 3533 ab
1004 3467 1117 3553 ἇλᾶβᾳ,
1148 3478 1320 3531 atramento
1331 3493 1343 3539 ,-

237 3564 287 3661 (v.
302 3568 468 3656 Hesych.)
484 3571 595 3637 Fuiler
611 3570 756 3637 Miscell.
771 3588 822 3635 1v.
837 3572 890 3635 16.
915 3567 1062 3633 ἓπίσκοπον
1077 3569 1131 3634 vei
1149 3568 1342 3653 praefectum

238 3672 418 3757 Principis,
442 3675 486 3738 ab
504 3670 612 3739 Hebr.
635 3675 687 3740 vel
703 3674 776 3759 Syr.
801 3671 902 3736 ictos
920 3676 955 3737 et
967 3672 1080 3738 araim
1097 3670 1199 3757 (forte
1211 3651 1294 3753 ηὑκ
1309 3677 1346 3735 et

236 3776 344 3853 m,
367 3774 480 3841 Graec.
509 3772 627 3862 ἅρχων)
650 3774 804 3840 Ruffinus
829 3774 1021 3858 praefcctnm
1042 3773 1135 3851 salis,
1159 3792 1180 3837 a
1203 3772 1263 3837 Gr.
1287 3768 1348 3847 ἃλς

237 3876 374 3954 dictum,
395 3878 482 3943 unde
505 3875 723 3941 Halabarcbes
746 3876 944 3961 quibusdam
969 3874 1180 3940 scribendum
1200 3874 1342 3939 videtur.

238 3978 443 4065 AEgrspiiaeua
457 3976 661 4058 Alabarcbes
683 3980 716 4044 h.
730 4000 760 4043 c.
783 3979 957 4063 scriptume
974 3977 1027 4042 vel
1051 3976 1267 4061 vectigalibus
1281 3996 1343 4061 per

237 4082 422 4165 AEgyptum
438 4083 628 4165 praesccbm
651 4080 776 4147 emend.
802 4081 971 4159 Platbner,
993 4098 1177 4164 provocans
1198 4078 1242 4144 ad
1262 4098 1342 4144 auc·

238 4184 403 4249 toritatem
427 4184 580 4251 Grabani
608 4184 695 4268 Imp.
716 4186 751 4249 in
775 4183 818 4250 1..
843 4200 900 4249 ix.
916 4203 946 4248 c.
977 4182 1020 4248 dc
1042 4180 1174 4265 Vnctig.
1190 4185 1225 4247 ct
1245 4180 1343 4247 Gom.
