3184 4917
303 379 371 448 666
655 395 690 441 6.
713 392 818 442 sunu
839 391 1050 444 ruveusurs

305 542 384 621 Quo
394 541 510 626 jubeat
522 560 654 607 manere
666 541 783 607 modo:
806 544 843 603 tu
855 539 964 603 credis
978 556 1134 615 amorem,
1343 534 1411 601 275

304 644 358 707 Tu
372 645 431 708 tibi
446 648 522 707 tunc
534 662 672 707 curruca
685 643 811 726 placeS,
826 642 1002 722 fletumque
1015 638 1147 703 labellis

305 746 497 823 Exsorbcs3
520 764 596 826 quee
612 746 748 827 scripte,
764 750 796 805 ct
811 749 894 823 quot
907 742 1029 806 lecture
1039 740 1192 816 ubertas,

307 847 345 913 Si
359 848 420 910 tibi
434 847 594 928 zelolypae
608 851 792 926 retegantur
806 842 929 905 scrinia
946 842 1106 906 moecnae!

306 948 373 1012 Sed
383 948 475 1031 jacet
488 948 522 1009 in
536 947 622 1009 scrvi
636 945 878 1026 complexibus,
895 950 953 1007 eut
967 945 1098 1026 equitis.
1132 942 1212 1021 Dic,

307 1050 374 1115 Dic
390 1051 545 1133 aliquem,
561 1048 670 1124 sodon,
688 1047 742 1110 lric
758 1044 962 1123 Quintiliane
974 1046 1134 1108 colorem:
1343 1042 1410 1108 280

307 1149 497 1214 Haeremus.
541 1151 608 1215 Dic
622 1151 707 1232 ipsa.
739 1146 828 1210 Olim
847 1149 1058 1222 convenerat,
1073 1144 1193 1228 inquit,

307 1250 356 1314 Ut
368 1250 497 1315 faceres
512 1259 559 1329 tu,
575 1250 666 1333 quod
681 1249 801 1329 velles3
822 1267 959 1311 necnon
974 1268 1035 1329 ego
1051 1266 1186 1331 possem
1201 1310 1205 1319 ,

306 1352 480 1433 Indulgere
494 1354 588 1416 mihi:
612 1353 735 1415 clames
749 1352 838 1428 licet,
853 1357 989 1415 elmere
1004 1350 1092 1413 coelo

307 1452 509 1532 Confundas,
524 1454 622 1517 homo
636 1473 720 1522 sum.
765 1448 860 1515 Nihil
874 1456 926 1515 est
940 1451 1100 1514 audacius
1114 1450 1181 1515 illis

300 1603 379 1667 fluere
396 1602 504 1664 imperet.
539 1602 575 1651 l'n
591 1602 715 1651 minimos
731 1617 842 1653 onorem.
878 1602 937 1650 Turn
955 1605 983 1651 te
1001 1600 1047 1649 tibi
1066 1614 1164 1649 cerreta
1182 1600 1323 1659 mitesce
1334 1597 1409 1648 lalcis

307 1668 422 1728 tempnere
431 1666 530 1725 ternu
545 1682 597 1729 φη
615 1680 676 1717 vero
688 1672 795 1729 exorna,
814 1672 839 1716 et
854 1681 913 1729 qens
929 1666 1040 1729 7664665
1056 1666 1152 1726 lecture,
1178 1665 1201 1713 ri
1219 1664 1266 1713 tibi
1285 1664 1409 1727 ape-tetre·

306 1732 394 1806 ercule
405 1733 516 1806 eelotypoe
535 1733 657 1807 adultere.
675 1733 709 1780 At
725 1732 793 1780 cubat
812 1731 839 1779 in
855 1728 1001 1805 amplexibus
1014 1729 1106 1787 sonuli
1124 1730 1161 1778 nel
1177 1728 1276 1804 equitis:
1293 1730 1408 1791 eloquere,

306 1792 1409 1934 Qtltletlllrrsllltnti‘t,trummacum&

307 1923 404 1989 aliquid
415 1923 474 1973 meti
484 1925 615 1975 concedere.
641 1924 821 1979 Quantumlibet
831 1922 965 1986 nocv'erere,
976 1937 1004 1971 ce
1014 1936 1079 1971 mere
1086 1922 1142 1971 coelo
1153 1922 1259 1984 ensem,
1269 1922 1335 1971 tom
1344 1935 1407 1974 un.

769 2064 946 2101 eee'mmuo

306 2154 376 2261 cipue
386 2150 582 2227 exspectantibus,
591 2151 634 2199 itta
647 2150 792 2228 Qeojubent
802 2164 898 2199 mcum
908 2150 991 2226 nodn,·
1012 2147 1061 2197 nisi
1074 2151 1144 2196 totns
1155 2146 1240 2209 potins
1250 2160 1350 2206 versus,
1361 2144 1406 2208 qul

306 2229 334 2262 se
345 2229 377 2263 ro
387 2228 463 2263 sensu
475 2215 534 2278 ejici
546 2221 643 2277 potest,
660 2230 766 2265 ecnrnen
785 2216 980 2277 interpolatoris
999 2212 1188 2262 redolet-275
1205 2226 1299 2259 mem
1309 2213 1351 2258 18.
1364 2214 1408 2259 16.

308 2282 347 2325 17.
356 2292 410 2327 ene.
421 2284 543 2341 pr.—2⁷6
555 2278 703 2329 tuentum
714 2284 788 2330 222.
808 2280 985 2329 intuitum.
1000 2276 1205 2326 turnemio.
1224 2274 1406 2324 wetinus.

306 2346 362 2389 tnnc
374 2342 448 2390 abest
458 2343 491 2391 eb
505 2348 595 2391 1518.
611 2344 691 2392 labelli
703 2348 744 2392 26.
761 2345 804 2392 De
813 2357 942 2391 cemccv.
954 2344 1064 2390 Excurs.
1076 2340 1109 2389 nd
1119 2342 1144 2389 lr.
1153 2342 1251 2388 1.-277
1261 2343 1285 2387 et
1293 2343 1350 2402 quot
1357 2352 1407 2401 pre

306 2408 520 2467 etpncsrevocevi
533 2421 565 2454 ex
576 2410 601 2454 7.
614 2412 652 2457 16.
670 2413 708 2456 ll.
723 2412 762 2456 16.
776 2412 815 2457 15.
828 2411 910 2457 17-26.
922 2411 1008 2455 22-25.
1018 2409 1060 2454 28.
1071 2410 1112 2454 45.
1125 2408 1206 2453 4756.
1219 2406 1303 2452 5466.
1313 2407 1354 2451 64.
1364 2406 1408 2450 65.

305 2472 346 2517 75.
357 2472 397 2516 76.
409 2474 450 2517 85.
466 2472 527 2530 qnod
546 2475 586 2519 16.
602 2475 659 2533 quot
670 2473 757 2519 lecture
776 2471 869 2519 tabellis
879 2475 920 2519 47.
938 2484 995 2532 qens
1013 2469 1089 2517 tirum
1108 2469 1207 2516 tabellas
1224 2470 1410 2518 77.-276-286

306 2532 384 2595 ejecti
396 2546 410 2579 e
422 2537 462 2581 18.
478 2532 547 2581 Sexti
557 2548 604 2597 pro
614 2536 676 2582 enni
686 2539 726 2583 22.
743 2540 812 2598 etque
823 2535 909 2597 equitis
923 2537 1047 2583 45.-286
1062 2533 1101 2581 dic
1112 2547 1161 2595 pro
1170 2532 1210 2581 tic
1219 2537 1259 2582 12.
1270 2536 1353 2581 15-25.
1364 2535 1406 2581 27.

305 2600 391 2647 «ts-so.
403 2600 486 2645 5666.
497 2601 581 2647 71-74.
593 2602 633 2647 85.
666 2598 719 2647 Sed
737 2598 808 2647 idenr
827 2598 933 2647 verbum
945 2598 999 2660 jam
1012 2597 1051 2645 bis
1063 2598 1176 2659 positum
1189 2604 1276 2651 estet
1287 2609 1347 2645 mox
1363 2597 1408 2644 de·

305 2674 356 2711 nuo
368 2661 586 2724 repetitus-282
603 2664 663 2725 qnod
680 2668 707 2713 te
717 2664 785 2715 celtu
796 2667 835 2712 16.
849 2667 890 2713 85.
902 2676 997 2726 possem
1007 2664 1129 2712 85.-285
1146 2661 1353 2725 Depntensislt.
1365 2663 1407 2711 18.

801 2794 910 2846 NOTAE

336 2891 385 2937 276
399 2888 434 2938 tn
444 2888 553 2940 651656
561 2906 658 2941 curruca
667 2892 754 2955 places]
765 2892 836 2943 Gen·
908 2894 957 2940 276
966 2887 1083 2948 Sectam
1092 2889 1186 2938 inunt
1194 2885 1360 2951 conplexibus]
1369 2884 1407 2935 At

305 2963 359 3023 des,
371 2971 398 3015 et
410 2966 458 3015 tibi
471 2970 607 3031 gratuleris
619 2971 686 3035 quod
698 2970 791 3020 emeris
802 2968 835 3019 ab
875 2966 896 3016 ei
906 2966 975 3017 forte
987 2967 1147 3033 ‹leprelrense
1156 2964 1236 3015 fuerit
1252 2966 1278 3014 in
1294 2964 1407 3024 delicto;

304 3056 386 3091 uxore
397 3048 442 3091 tue
453 3044 484 3093 ed
497 3044 651 3109 zelotypiam
664 3062 754 3111 usqne.
876 3057 908 3092 err
928 3058 986 3107 quee
1007 3043 1106 3106 poterit
1124 3041 1255 3091 excusatio
1276 3040 1406 3103 pretendi

338 3118 455 3179 Currtrcn]
470 3119 565 3168 Similis
584 3121 627 3170 isti
648 3122 765 3183 ericule,
778 3138 836 3187 qnee
875 3119 926 3168 suis
938 3119 1094 3168 sceleribus?
1109 3118 1180 3169 Quin
1189 3118 1240 3166 imo
1248 3116 1298 3165 etsi
1306 3118 1407 3189 haereat

303 3192 388 3253 pullos
400 3186 588 3255 elienos‘fovet‚
601 3197 721 3247 nimirum
740 3200 835 3260 cuculi,
874 3196 930 3259 ipse
946 3194 1120 3247 Quintilianus
1136 3194 1162 3241 in
1181 3194 1227 3242 tali
1244 3207 1330 3255 ceum,
1347 3194 1406 3257 ipse

304 3265 347 3330 qni
360 3266 386 3313 in
398 3282 515 3317 currucae
528 3270 588 3318 nido
609 3286 678 3334 scepe
688 3287 737 3320 ova
755 3274 833 3336 perit,
875 3286 925 3319 non
935 3269 1054 3331 haerebit,
1063 3269 1108 3317 sed
1121 3276 1225 3317 strenue
1235 3268 1405 3318 sedetsedet.

303 3346 373 3390 teste
392 3340 543 3407 Aristotele,
565 3346 582 3393 l.
604 3360 642 3396 vr.
665 3348 698 3396 de
720 3348 833 3399 Animal.
899 3345 1116 3407 montesilicae]
1124 3344 1405 3407 Rhetordisertisslnre,

302 3416 346 3467 Sic
363 3419 495 3468 enimvero
515 3428 543 3470 tu
564 3422 721 3473 adulterinos
739 3424 834 3475 educes
874 3429 902 3471 et
913 3422 1116 3487 praeceptionum
1132 3421 1404 3485 oretoriernmmegis-

302 3492 406 3553 liberos,
418 3509 480 3559 qnos
491 3496 539 3545 tibi
551 3499 620 3560 perit
632 3506 749 3550 uxortua
760 3501 832 3567 quasi
873 3506 923 3548 ter.

303 3575 370 3619 tuos.
382 3571 449 3620 Vide
463 3572 529 3621 Plin.
543 3586 568 3621 x.
580 3578 605 3623 9.
906 3574 971 3621 Olim
980 3571 1129 3634 motmunt]
1140 3572 1226 3621 Verba
1235 3572 1322 3621 uxoris
1334 3572 1404 3622 adul·

335 3644 360 3693 F
359 3646 473 3709 letumque
484 3647 573 3697 labellis
589 3650 708 3715 exsortes]
726 3653 832 3702 Ploran.
872 3650 965 3698 terium
976 3649 1124 3698 excusantis
1135 3648 1203 3710 epod
1215 3650 1343 3697 meritum.

303 3728 355 3773 tem
368 3724 549 3775 deosculando.
904 3730 952 3775 288
970 3728 1096 3789 Indulgere
1110 3725 1181 3788 milo]
1197 3726 1341 3776 Licentienr
1358 3726 1404 3776 eli-

314 3812 318 3827 ·
334 3802 381 3848 277
400 3800 459 3855 Quoe
474 3800 573 3865 scripto,
586 3804 638 3867 66]
660 3804 756 3854 Verum
768 3820 831 3870 qnne
872 3817 949 3867 quern
960 3803 1087 3867 erripere,
1095 3816 1144 3852 nec
1155 3803 1192 3851 ita
1203 3817 1243 3851 me
1253 3803 1305 3853 tide
1317 3803 1405 3868 conju-

301 3883 329 3927 et
340 3884 403 3942 quot
418 3880 554 3927 amatorias
566 3880 693 3931 invenires
704 3882 832 3932 litternsn
872 3880 923 3943 geli
936 3880 1087 3945 astringere.

301 3951 408 4001 nrcechis
420 3954 539 4016 scriptas,
553 3956 575 4004 si
586 3962 637 4005 tune
650 3957 769 4007 scrinium
785 3974 832 4007 nx·
904 3958 976 4005 More
985 3960 1041 4006 coetc
1052 3957 1190 4022 messentius]
1208 3958 1262 4007 Set.
1278 3970 1308 4008 ιι.
1319 3962 1360 4006 25.

302 4025 353 4101 oris
369 4036 494 4091 scrutere,
506 4044 563 4092 qnae
581 4046 607 4079 se
625 4032 767 4097 zelotypum
785 4031 832 4082 lin·
903 4038 951 4082 284
971 4035 1048 4084 Homo
1058 4036 1120 4098 mm]
1139 4036 1219 4085 Sexus
1231 4048 1271 4083 me
1282 4033 1401 4097 fugitent

303 4101 343 4163 git
362 4110 392 4153 ut
413 4105 584 4168 suspicionem
607 4121 708 4161 omnem
729 4124 832 4160 snorum
872 4114 901 4159 et
911 4110 992 4159 errori
1001 4111 1142 4174 proximem
1151 4109 1228 4162 fecit:
1244 4110 1403 4163 humanatu-

302 4174 596 4241 fiegitiorunrsmoveet.
872 4187 1153 4259 tirmitetelnpsesum.
