3184 4917
661 414 916 465 ιιοιιιιιιοιιιιιι.
1284 402 1329 471 71

229 574 327 637 paene
350 554 544 639 pedestrem,
570 556 753 639 quisalius
775 556 852 621 inde
874 559 1029 643 proprius
1046 558 1122 639 tuit,
1146 562 1193 641 (r.
1210 560 1330 629 Horat.

229 654 338 739 Epist.
354 674 378 720 1.
396 658 428 721 4.
443 658 475 722 1.
490 658 612 723 etSat.
631 674 655 721 1.
669 660 701 723 4.
721 658 863 725 39-62.
882 662 968 727 ιι.6.
982 662 1051 741 17.)
1071 663 1129 727 sed
1151 671 1330 729 caecatos

229 758 328 823 etiam
355 759 443 823 sales
464 764 498 823 et
523 758 731 837 dicacitatem
752 762 929 827 aemnlatus
950 767 1038 828 est..
1065 760 1176 848 Atque
1198 765 1253 830 bic
1276 772 1330 831 est

228 859 405 941 singularis
432 858 593 923 character
617 858 805 927 Lucilianus
824 863 940 949 (Varr-
954 864 999 929 R.
1023 864 1068 930 R.
1093 884 1148 931 ιιι.
1175 863 1275 951 27.)
1294 873 1331 931 et

229 957 348 1025 Satirae
363 962 560 1042 Lucilianae,
583 965 641 1046 qui
654 970 723 1029 tarn
746 984 790 1031 ex
814 967 1003 1048 fragmentis
1016 969 1101 1052 ejus,
1122 975 1197 1033 tom.
1211 988 1256 1033 ex
1269 988 1325 1034 ve·

227 1066 330 1127 terum
343 1066 540 1147 scriptorum
554 1067 747 1131 testimoniis
775 1071 990 1152 cognoscitu.
1034 1069 1215 1135 Diomedes
1230 1070 1254 1134 l.
1272 1086 1328 1136 ιιι.

227 1164 345 1247 paee.
358 1166 411 1229 ed.
428 1166 564 1231 Putsch.
580 1168 733 1248 ‘Satira'
745 1171 863 1255 inquit,
873 1175 884 1205 ‘
893 1177 945 1237 est
954 1192 1085 1237 carmen
1093 1172 1186 1256 apud
1200 1172 1328 1240 Roma·

225 1266 539 1352 nosnuuc'quidem
549 1269 759 1348 maledicum,
777 1269 869 1337 etad
883 1274 1049 1357 carpenda
1061 1273 1231 1339 hominnm
1245 1277 1327 1341 vitia

227 1369 369 1435 archaeae
394 1370 568 1437 comoediae
592 1372 777 1438 charactere
802 1376 1040 1458 compositum:
1070 1376 1167 1459 quale
1185 1378 1328 1462 scripse·

227 1472 303 1535 runt
315 1472 509 1551 luciliuset
522 1472 686 1557 Horatius
700 1482 735 1540 et
745 1474 893 1541 Persius.
916 1477 983 1541 Sed
991 1478 1071 1541 olim
1080 1496 1224 1557 carmen,
1236 1478 1327 1563 quod

225 1590 270 1635 ex
278 1574 382 1637 variis
391 1574 601 1656 polimetibus
612 1577 796 1653 constabat,
804 1576 914 1642 Satira
920 1577 1100 1655 dicebatur,
1111 1579 1208 1662 quale
1222 1580 1327 1664 scrip-

225 1680 338 1753 serunt
353 1675 522 1739 Pacuvius
536 1681 570 1740 et
585 1674 733 1739 Ennius!
744 1675 981 1754 Quintilianus
995 1677 1079 1741 Inst.
1093 1677 1153 1743 Or.
1174 1696 1212 1742 x.
1225 1681 1257 1744 1.
1270 1680 1325 1746 w.

225 1774 437 1841 ‘Satiratots
443 1782 636 1853 nostraest:
659 1776 770 1859 inqua
777 1778 904 1861 primus
913 1778 1072 1860 insignem
1080 1777 1212 1841 landen
1223 1780 1325 1864 adep-

225 1883 279 1941 tos
288 1884 339 1942 est
348 1876 517 1943 Lucilius!
529 1880 659 1943 Plinius
668 1877 809 1943 inPrml.
819 1877 910 1945 Hire
922 1878 1001 1943 Nat.
1017 1879 1190 1945 ‘Lucilius
1200 1882 1326 1963 primns

225 1980 301 2062 styli
312 1998 429 2043 nasum
447 1978 687 2063 [dicacitatem]
701 1978 867 2057 condidit?
890 1980 1053 2048 Horatius
1065 1981 1135 2046 Sat.
1156 1998 1181 2044 ι.
1198 1983 1254 2046 10.
1269 1983 1325 2048 ld.

223 2098 276 2162 sq.
292 2080 391 2146 ‘Hoc
407 2083 601 2164 [carminum
613 2100 726 2163 genus,
739 2080 936 2161 satiricum]
951 2089 1032 2162 erat,
1045 2089 1186 2166 experto
1204 2083 1325 2149 surena

224 2179 377 2246 -Varrone
408 2182 564 2261 Atacino,
596 2182 711 2266 Atque
742 2183 941 2266 quibusdam
967 2185 1054 2261 aliis,
1091 2184 1211 2247 melius
1236 2186 1326 2266 quod

225 2284 369 2349 scribere
392 2305 536 2369 possem,
552 2285 726 2351 inventore
747 2284 874 2349 minor:
896 2304 1003 2368 neque
1016 2304 1080 2366 ego
1094 2284 1143 2348 illi
1158 2280 1326 2351 detrahere

223 2387 331 2451 ausim
345 2386 535 2451 Haerentem
551 2386 653 2469 capiti
678 2406 754 2457 cum
765 2436 768 2442 .
779 2388 885 2451 multa
905 2386 1004 2450 lande
1017 2385 1193 2451 coronam!
1229 2387 1324 2453 ldenr

222 2490 295 2554 Sat.
309 2505 348 2552 ιι.
363 2490 395 2565 1,
409 2489 550 2553 tre-70.
575 2493 585 2521 ‘
602 2487 693 2567 Quid
701 2491 718 2563 t
740 2508 817 2553 cnm
835 2494 888 2552 est
905 2486 1052 2554 Lucilius
1074 2508 1178 2553 ausus
1191 2488 1325 2555 Primus

221 2592 257 2655 in
271 2589 356 2655 bunc
372 2590 482 2673 operis
495 2608 692 2673 componere
706 2590 853 2655 carmina
866 2608 1002 2666 rnorem,
1018 2590 1196 2655 Detrahere
1208 2595 1243 2653 et
1254 2590 1325 2674 pel·

221 2692 299 2769 lem,
313 2689 433 2756 nitidus
449 2710 516 2773 qua
531 2690 673 2773 quisque
688 2710 749 2774 per
761 2686 820 2754 ora
834 2688 986 2778 Cederct,
1003 2692 1177 2754 introrsum
1198 2692 1324 2773 turpis3

222 2812 301 2856 num
316 2789 452 2870 Iroelius,
467 2792 570 2874 etqui
585 2791 694 2855 Duxit
709 2792 753 2855 ab
768 2810 933 2877 oppressa
953 2792 1104 2855 meritum
1125 2790 1323 2873 Cartbagine

220 2912 352 2970 nornen,
365 2893 503 2976 Ingenio
517 2892 656 2957 offensil
673 2898 730 2956 eut
743 2893 828 2957 laeso
842 2892 974 2955 doluere
989 2891 1136 2970 Metello,
1153 2890 1323 2956 Famosis·

223 3014 288 3079 qne
313 2994 410 3078 Lupo
435 3000 590 3077 cooperto
611 2992 786 3057 versibusl
811 2992 903 3075 atqui
919 2991 1086 3056 Primores
1106 2994 1224 3077 populi
1243 2994 1324 3059 arri·

222 3097 296 3180 puit
309 3096 537 3180 populumque
550 3094 711 3172 tributim,
729 3093 868 3159 Scilicet
886 3095 943 3163 uni
962 3112 1082 3177 aequus
1096 3095 1209 3159 virtuti
1223 3102 1322 3181 atquc

221 3198 293 3281 ejus
307 3196 445 3262 amicis?
482 3196 534 3259 Id.
549 3196 620 3262 Sat.
638 3214 662 3260 ι.
677 3197 710 3259 4.
726 3196 822 3261 1-8,
840 3201 850 3229 ‘
866 3195 1019 3280 Eupolis,
1034 3203 1134 3281 atque
1155 3196 1321 3277 Cratinus,
1425 3282 1429 3287 .

221 3298 525 3382 Aristophanesque
535 3296 661 3381 politae,
671 3296 783 3380 Atque
798 3298 867 3378 alii,
878 3317 1015 3382 quornm
1030 3299 1201 3364 comoedia
1211 3300 1323 3383 prisca

221 3401 365 3465 vhorum
379 3406 442 3477 est,
458 3399 496 3464 Si
511 3400 587 3483 quis
609 3405 681 3465 erat
703 3398 823 3482 dignus
846 3401 999 3479 describi,
1014 3400 1105 3485 quod
1131 3402 1239 3465 malus
1264 3406 1323 3465 aut

220 3499 284 3577 sur,
300 3499 403 3578 Quod
416 3501 568 3565 moechus
581 3499 674 3578 foret,
691 3507 749 3565 aut
762 3501 914 3580 sicarius,
930 3507 989 3567 aut
1002 3502 1128 3585 alioqui
1146 3502 1321 3589 Famosus,

220 3603 326 3665 multa
340 3622 414 3667 curn
427 3602 579 3667 libertate
593 3603 761 3675 notabant.
799 3598 890 3665 Hinc
904 3604 1009 3664 omnis
1023 3594 1144 3682 pendet
1158 3599 1320 3678 Lucilius,

219 3702 320 3767 hosce
333 3708 480 3779 secutus,
502 3702 641 3767 Mutatis
666 3707 791 3765 tanmm
817 3701 958 3784 pedibus
982 3699 1211 3783 numerisque3
1232 3700 1322 3766 laoc-

220 3808 287 3881 tns,
303 3803 474 3885 Emunctae
489 3803 600 3882 naris,'
614 3809 678 3868 cet.
710 3800 827 3880 (Gens.
842 3801 914 3865 Cic.
929 3800 973 3865 ad
994 3802 1073 3866 Diu.
1091 3816 1162 3865 xrr.
1178 3803 1232 3868 16.
1256 3803 1320 3867 Ju-

220 3924 293 3969 ven.
317 3922 342 3969 ι.
366 3906 418 3970 65.
436 3926 488 3989 sq.
512 3910 544 3970 et
559 3906 651 3970 Pers.
669 3921 692 3967 1.
707 3904 780 3969 114.
797 3906 863 3988 sq.)
888 3899 1080 3982 Euanthius,
1095 3921 1154 3966 seu
1168 3905 1320 3988 quisquis

219 4010 335 4070 auctor
346 4005 407 4072 luit
416 4006 519 4071 libelli
529 4007 570 4071 de
581 4006 680 4089 Trag.
692 4013 725 4071 et
736 4004 832 4071 Com.
847 4004 899 4091 (in
907 4004 1008 4069 Thes.
1021 4002 1224 4093 Gronov.t‘l'.
1235 4022 1318 4072 vrn.

218 4106 310 4171 etin
336 4106 425 4171 editt.
448 4106 578 4171 Terent.
605 4104 817 4173 Westerhov.
841 4105 882 4171 T.
906 4122 931 4169 1.
957 4126 993 4189 p.
1007 4106 1062 4170 55.
1097 4104 1318 4192 Lindenbrog.

217 4226 250 4291 p.
267 4206 322 4273 27.
346 4212 380 4273 et
403 4206 588 4289 Zeuniane)
613 4212 715 4274 ‘cum
739 4208 851 4292 po'etae
875 4208 969 4275 abuti
992 4206 1144 4275 licentius
1166 4210 1252 4294 stylo
1266 4210 1316 4295 [in
