3184 4917
272 387 344 451 ’050
622 404 658 450 u.
680 401 785 449 ruarr
808 402 1023 452 ruvannms

276 543 391 624 Sidus,
413 549 445 608 et
459 543 583 609 occulti
598 544 751 608 miranda
764 547 913 628 potentia
926 546 1011 610 fatil
1314 547 1382 614 200

277 645 390 711 Servis
407 667 507 728 regno
521 646 660 723 dabunt,
684 647 830 730 captivis
845 646 932 711 Feta
946 648 1144 732 triumphos.

181 763 186 774 “
277 745 375 812 Felix
389 749 444 812 ille
459 755 569 812 tamen
583 768 685 812 corvo
698 767 831 832 quoque
845 750 951 813 rarior
965 750 1054 813 albo.

277 847 440 913 Poeuituit
451 852 574 915 multos
589 869 697 934 mae,
720 851 907 934 sterilisque
922 852 1100 931 cathedrae,

276 1033 374 1094 munt,
389 1037 460 1094 atque
477 1035 614 1096 mumdum
632 1035 681 1084 nim
697 1035 769 1084 ortis
785 1033 930 1085 recondite?
955 1037 1061 1086 Fortuna
1082 1035 1210 1099 Imperium
1232 1049 1320 1096 cerne,
1335 1032 1381 1082 tri·

277 1096 386 1158 amptum
397 1097 475 1146 uincto
485 1098 609 1148 mentun.
643 1099 806 1149 Nihilominus
816 1101 862 1150 ista
873 1100 1012 1160 fodiuntur
1022 1100 1192 1162 infrequentior
1201 1104 1236 1148 est
1247 1113 1315 1148 corto
1325 1111 1381 1147 caa-

276 1159 343 1208 dido.
361 1159 447 1222 Piguit
457 1164 585 1226 complures
594 1163 681 1222 sutilia
691 1169 716 1214 et
726 1163 866 1224 mettun
874 1166 972 1228 pulpiti,
982 1172 1010 1214 ut
1026 1164 1129 1214 “tendit
1142 1165 1205 1230 fitia
1216 1162 1383 1226 niequeti

275 1341 315 1388 22.
326 1343 367 1388 lt.
402 1339 492 1402 «tinulo
502 1345 542 1391 47.
554 1343 595 1390 ld.
608 1346 729 1393 tue-aut
747 1345 878 1408 triumphos
888 1344 978 1408 recepi
990 1358 1023 1392 ex
1035 1348 1075 1391 ll.
1086 1347 1127 1391 12.
1137 1341 1378 1390 ituraeam.

276 1407 358 1453 45-00.
374 1411 457 1456 sodli.
472 1409 557 1456 tldl.
574 1411 617 1458 77.
648 1409 896 1473 triumphaturo.
909 1411 1088 1458 mdia-202
1103 1407 1221 1455 eoivoll.
1254 1403 1380 1453 Metilium

776 1523 884 1572 NOTAE

276 1610 323 1662 rau
330 1611 378 1675 ris,
387 1613 545 1678 etbenlqnus
553 1613 665 1665 siderum
672 1618 806 1680 aspectus?
881 1618 998 1667 Munda
1011 1617 1119 1681 potentia
1131 1615 1194 1681 fati]
1211 1612 1281 1663 Vide
1295 1611 1381 1663 Cicer.

312 1687 447 1752 Ventidius]
470 1691 539 1740 Pub.
553 1691 690 1743 Ventidius
710 1695 806 1743 Bomos
848 1693 882 1743 de
893 1695 968 1758 Fato,
984 1699 1034 1743 dic.

274 1763 363 1814 humili
383 1780 479 1830 genere
502 1767 528 1816 iu
547 1767 646 1818 Piceno
662 1775 744 1834 ortua,
760 1769 808 1819 lla·
880 1774 927 1819 201
945 1767 1219 1831 Seruisregradabsnl]
1240 1767 1277 1816 Ut
1287 1765 1380 1814 Servio

274 1841 334 1890 culo
344 1839 452 1892 subacto
461 1850 553 1906 captus
565 1843 657 1906 infans,
673 1853 701 1896 et
711 1847 738 1895 in
749 1849 807 1897 sinu
847 1847 932 1895 Tullio
943 1846 1024 1896 nobili
1035 1845 1138 1909 quidem
1149 1843 1264 1905 foenrina,
1274 1841 1381 1905 captiva

273 1918 364 1968 metris
392 1926 482 1970 rectus
510 1928 572 1970 ante
593 1937 696 1973 currum
720 1926 808 1974 trium·
847 1928 936 1970 tamon
945 1927 973 1971 et
982 1920 1078 1970 ancilla
1088 1920 1185 1984 genito.
1197 1919 1309 1980 Eutroo.

274 1996 378 2059 phontis
387 1995 505 2060 Pompeii
514 1996 663 2049 Strabonis:
680 2015 738 2049 cnm
747 2001 807 2050 odo·
881 1997 989 2061 Captivis
1003 1994 1061 2056 sata
1080 1994 1223 2058 artemio]
1242 1991 1381 2042 Utvfflfi·

273 2072 392 2134 lenisset,
409 2073 542 2123 rhedarios
554 2087 584 2124 ac
594 2075 682 2126 mulio.
702 2077 805 2127 Deinde
846 2071 899 2135 (iio,
914 2074 947 2122 de
964 2086 1016 2137 quo
1035 2072 1327 2121 Valer·M²1im·v¹·⁹·
1342 2068 1380 2118 tlt

273 2163 336 2199 vero
354 2151 384 2200 C.
407 2150 507 2200 Conari
526 2157 600 2201 notus
623 2159 651 2200 et
673 2149 806 2204 familiaris
845 2149 937 2198 bubet:
956 2150 1006 2198 ιΡ.
1018 2148 1155 2199 Ventidius
1171 2161 1205 2196 ex
1222 2146 1337 2206 Parthia,
1352 2151 1383 2194 et

275 2225 349 2288 adeo,
373 2232 404 2275 ut
433 2240 493 2274 mox
512 2225 643 2276 Tribunus
665 2228 753 2278 Plebis
778 2238 806 2280 et
846 2239 894 2287 per
904 2225 1014 2274 Parthos
1023 2225 1057 2274 de
1065 2225 1151 2278 crossi
1161 2221 1278 2272 manibus
1288 2222 1315 2270 iu
1323 2221 1382 2270 bos-

274 2297 378 2352 Praetor
392 2307 495 2351 creatus
514 2301 555 2351 ait.
589 2301 687 2353 Postea
705 2303 806 2368 junctis
846 2301 888 2350 tili
902 2301 957 2349 solo
973 2298 1157 2349 miserabiliter
1168 2297 1320 2363 jacentibus
1333 2295 1381 2344 trl·
1467 2359 1476 2373 Ι

274 2387 333 2423 curn
345 2373 462 2425 Antonio
480 2377 597 2439 partibus
617 2377 805 2429 Pontificatum
846 2376 968 2438 umqbum
980 2373 1069 2424 duait:
1088 2375 1170 2439 etqui
1189 2374 1308 2437 captivus
1324 2387 1382 2422 oar·

274 2448 384 2513 adeptus
406 2457 434 2499 et
455 2451 632 2516 Consulatum,
656 2453 805 2518 indignante
846 2466 932 2501 cerem
958 2452 1138 2512 exhorruerat,
1168 2450 1254 2499 victor
1274 2449 1382 2512 Capito·

273 2523 338 2574 lieet
358 2539 389 2574 ac
410 2524 536 2575 fremente
557 2528 657 2590 Populo
678 2529 804 2582 Romano.
846 2525 906 2576 lium
919 2526 1045 2577 felicitate
1057 2525 1210 2576 celebrtvit·
1243 2523 1275 2574 ΙΙΙ
1287 2523 1380 2573 eodem

274 2598 360 2664 Agell.
380 2613 426 2650 xv.
447 2605 471 2650 l.
511 2601 578 2651 Vide
606 2602 806 2655 Primnum.
846 2603 926 2653 etiam
945 2603 1011 2654 illud
1029 2605 1161 2666 eximium,
1189 2601 1260 2668 quod
1287 2601 1380 2652 eodem

272 2677 406 2726 Plutarch.
424 2677 451 2725 iu
463 2676 526 2727 Vita
536 2677 575 2727 Μ.
586 2677 704 2742 Antonii,
720 2694 736 2729 a
755 2695 807 2746 quo
846 2693 913 2729 enno
933 2679 1038 2730 Praetor
1055 2686 1083 2729 et
1101 2679 1197 2728 Οοιιειιί
1217 2685 1259 2727 est
1276 2675 1381 2726 iactus!

273 2754 365 2804 misius
377 2753 409 2803 ad
429 2753 603 2819 reprimendos
614 2754 727 2806 Parthos
739 2756 808 2806 Veu·
848 2755 883 2804 Et
902 2753 973 2804 Plin.
992 2754 1065 2804 citat.
1085 2767 1137 2803 vu.
1155 2757 1196 2802 lt.
1222 2751 1379 2815 ‘Fortuoass

273 2831 361 2893 tidini,
397 2830 430 2880 de
458 2831 509 2880 illis
532 2837 624 2896 postea
649 2833 807 2896 triumphum
846 2830 941 2896 inquit,
954 2829 1133 2895 ‘triumphare
1144 2827 1211 2878 Pub.
1226 2827 1379 2877 Ventidium

272 2908 335 2970 egit,
364 2907 444 2970 (teate
465 2907 545 2956 etium
574 2905 642 2956 Plio.
665 2921 724 2957 moa
747 2909 807 2973 cit.)
847 2905 881 2956 de
892 2907 997 2957 Parthis
1011 2906 1093 2956 voluit
1111 2903 1213 2970 quidem
1223 2904 1315 2964 solum,
1332 2899 1380 2976 sad

271 2983 337 3052 celsi
355 2983 392 3031 vir
411 2983 488 3031 animi
509 2987 537 3030 et
553 2994 638 3031 rernm
655 2997 806 3047 magnorum
847 2983 958 3031 enodem
980 2983 1006 3031 in
1032 2981 1163 3045 triumpho
1180 2979 1310 3029 Asculano
1329 2978 1380 3029 Cu.

274 3057 391 3121 cupidus.
435 3057 567 3108 Plutarch.
590 3055 654 3106 ibid.
689 3057 806 3110 Alterius
846 3057 964 3123 Pompeii
986 3057 1123 3108 Strabonis
1150 3054 1226 3105 duxit
1252 3055 1379 3121 puerum,'

272 3134 352 3184 stium
362 3134 476 3183 Ventidii
489 3132 695 3183 meminit'lncit.
708 3135 724 3184 Ι.
737 3147 788 3188 xta.
845 3134 897 3181 dic.

273 3197 277 3204 ¹
308 3207 408 3276 Tullius]
439 3209 499 3258 Nou
519 3207 622 3271 Cicero,
638 3209 683 3257 sed
702 3209 805 3260 Servius
877 3213 926 3258 202
944 3208 1016 3258 Felix
1025 3207 1079 3274 ilie]
1101 3205 1263 3260 Quintiliano
1280 3206 1381 3274 similis,

271 3283 434 3334 TulliusRex
443 3283 614 3333 Romanorum
623 3292 805 3351 sextus,quem
845 3285 886 3333 cul
904 3284 1008 3334 divitias
1020 3282 1072 3334 Ara
1083 3282 1227 3333 Rhetorica
1238 3281 1380 3348 pepererit.

274 3371 348 3410 serra
360 3365 442 3409 matre
456 3365 572 3408 creatum
593 3360 626 3409 ad
643 3360 721 3411 Urbis
740 3365 805 3428 regi·
880 3363 1055 3424 Corooquoque
1069 3357 1221 3422 muntia]
1253 3357 1380 3410 Proverb-

273 3449 331 3486 rnen
343 3433 536 3484 svenitindoles
545 3435 647 3501 eximia,
690 3437 806 3490 cobscu·
845 3443 875 3486 ut
886 3443 947 3486 ante
959 3436 1035 3486 sotir.
1047 3449 1085 3485 vr.
1096 3450 1134 3484 rs.
1145 3438 1202 3484 105.
1218 3435 1226 3461 ‘
1238 3433 1309 3484 Rara
1323 3433 1378 3483 avla

273 3512 337 3562 ritas
356 3509 474 3560 inhibuit.
502 3511 571 3560 Flor.
584 3525 603 3561 1.
616 3516 641 3561 0.
687 3513 807 3566 rido'Iit.
845 3512 969 3575 interris,
985 3513 1111 3577 nigroque
1128 3511 1259 3560 simillima
1277 3509 1380 3575 cycno!

272 3585 329 3638 un.
349 3599 368 3638 ι.
386 3591 427 3638 no.
447 3594 475 3637 et
493 3601 547 3651 req.
562 3587 605 3636 ubi
621 3588 704 3638 Servii
725 3589 806 3641 Tullii
845 3587 968 3638 Ceterum
987 3599 1078 3636 corvos
1096 3599 1279 3651 nonuunquam
1303 3586 1377 3636 albos

272 3663 372 3714 natales
384 3663 451 3727 apud
463 3663 629 3712 Corniculum
642 3664 731 3715 urbem
743 3681 804 3730 cap·
845 3662 953 3726 reperiri
961 3677 993 3712 ex
1002 3662 1150 3712 Aristotelis
1161 3661 1308 3712 testimonio
1319 3677 1327 3722 ;
1348 3675 1377 3712 n·

272 3747 336 3802 tam,
347 3737 467 3788 educatio
478 3737 547 3801 apud
557 3737 725 3803 Tarquinium
736 3740 805 3792 Pris-
844 3753 956 3804 numque
967 3753 1073 3788 corvum
1085 3736 1196 3788 candido
1215 3739 1299 3787 nitore
1315 3751 1377 3788 con·

272 3829 340 3877 cum,
350 3813 481 3877 arrgnrium
493 3814 564 3876 regni
574 3829 621 3877 per
631 3815 764 3881 Tanaquil,
775 3825 804 3868 et
843 3813 961 3877 spicuum
981 3814 1015 3863 ad
1032 3809 1192 3877 Alpboninm
1208 3812 1305 3862 Sicilie
1325 3813 1377 3862 Re·

268 3891 426 3960 prodigium,
442 3895 502 3952 lic,
520 3898 667 3940 narrantur.
708 3893 803 3943 Eutro-
843 3905 901 3956 geni
912 3889 1049 3954 aliquando
1068 3904 1083 3940 a
1099 3889 1283 3938 Britannorum
1301 3887 1377 3954 Rege

271 3965 330 4031 pius
341 3965 379 4015 ait
389 3965 533 4015 ordinatum
547 3965 580 4016 ab
596 3981 628 4017 eo
642 3968 725 4032 primo
736 3969 803 4020 Cen-
842 3965 910 4014 dono
927 3965 1051 4016 missum:
1073 3963 1180 4027 insuper
1195 3971 1224 4012 et
1244 3963 1375 4014 cornicem

272 4056 337 4104 sum,
354 4039 397 4105 qui
415 4040 500 4090 adbuo
517 4055 564 4106 per
575 4043 663 4093 orbem
674 4051 802 4097 terrarum
842 4044 927 4096 olbam
948 4059 966 4094 n
984 4058 1012 4093 se
1031 4043 1120 4106 visam,
1146 4039 1257 4092 affirmat
1278 4041 1375 4092 Cultus

272 4116 416 4180 incognitus
428 4124 494 4167 erat.
842 4118 1013 4182 Rhodigiuus,
1028 4130 1098 4167 xvu.
1111 4119 1150 4167 ll.

304 4193 352 4241 200
368 4191 451 4258 suu]
484 4193 611 4246 Nascenti
638 4211 802 4264 prosperum.
873 4200 922 4246 200
949 4191 1086 4255 CuMdroe]
1112 4191 1281 4243 Protesalonis
1305 4191 1377 4244 an·-

271 4261 434 4332 Vi'desupri'.
841 4271 939 4323 noricae.
967 4268 1083 4320 niuniu
1113 4268 1124 4315 ‘.
1137 4267 1245 4318 Circum
1269 4267 1374 4334 nuptu
