3184 4917
271 374 320 443 lo
738 394 946 447 eumenum.
968 340 976 359 ι

274 545 427 615 criticum
449 548 608 613 rationem
630 552 665 613 et
687 548 901 615 subtilitatem
926 548 1045 613 animis
1067 545 1200 632 assequi
1224 552 1379 632 possunt.

275 648 516 715 Adolescentes
541 670 685 735 quoque,
712 653 929 733 generosioris
952 653 1070 715 saltem
1096 651 1229 727 indolis,
1256 650 1379 716 edoce

277 752 419 838 alicujus
444 753 610 817 tltcultatis
637 753 783 836 copiam,
809 774 874 837 qua
896 774 992 819 nemo
1015 754 1159 836 quidem,
1184 753 1241 836 qui
1267 752 1310 817 ad
1331 752 1381 817 in-
1415 836 1420 841 .

277 874 392 939 genuae
419 856 577 920 doctrinae
604 856 742 936 gloriam
769 857 977 941 solidamque
1000 857 1216 922 eruditionem
1242 854 1379 936 aspirat,

280 958 352 1023 sine
366 959 485 1037 insigni
502 965 535 1021 et
549 978 610 1021 suo
632 965 666 1021 et
688 959 931 1043 cujuscumque
953 960 1152 1042 disciplinae,
1168 960 1223 1023 cui
1245 976 1382 1043 operam

279 1058 349 1137 dat,
376 1059 495 1122 damno
520 1060 657 1141 carebit,
674 1062 737 1123 sibi
763 1081 969 1143 comparare,
989 1069 1023 1125 et
1043 1062 1190 1126 adhunc
1208 1060 1383 1145 judicandi

277 1161 434 1225 ranorum
458 1161 580 1223 sensim
594 1161 731 1239 institui,
747 1162 891 1241 formari,
907 1170 941 1227 et
955 1165 1032 1227 acui
1045 1183 1180 1229 necesse
1190 1170 1250 1227 est.
1295 1163 1382 1228 Tum

275 1262 379 1351 ¹etiam
402 1262 436 1324 id
459 1264 522 1345 egi,
538 1268 575 1325 ut
596 1281 662 1325 non
682 1263 764 1326 solis
785 1264 958 1345 juvenum,
980 1265 1040 1331 sed
1064 1267 1236 1331 doctorum
1251 1286 1383 1349 quoque

280 1364 423 1427 virorum
438 1367 552 1427 usibus
564 1365 800 1447 qualicumque
815 1386 919 1449 opera
931 1386 1006 1432 mea
1019 1370 1221 1432 inservirem.
1267 1367 1384 1450 Neque

281 1462 456 1531 iuvenalis
480 1466 591 1531 satirae
615 1467 662 1529 ita
683 1467 755 1549 jam
779 1466 941 1531 subsidiis
967 1468 1123 1533 librorum
1147 1469 1384 1553 doctorumque

280 1566 483 1650 ingeniorum
513 1569 631 1633 studiis
659 1570 818 1651 expolitae
845 1576 932 1645 sunt,
956 1576 995 1631 nt
1017 1572 1131 1634 critica
1156 1572 1191 1634 in
1215 1572 1258 1635 iis
1282 1590 1386 1655 opera

282 1670 381 1755 plane
410 1690 621 1751 supervacua
649 1672 703 1732 sit.
757 1672 795 1734 Si
831 1690 912 1735 vero
942 1671 1017 1755 quis
1046 1674 1216 1754 scriptoris
1243 1673 1385 1757 alicujus

282 1771 400 1837 edendi
427 1771 601 1836 consilium
628 1771 737 1833 animo
763 1774 879 1853 agitat,
901 1772 936 1835 id
961 1772 1104 1855 primum
1128 1772 1305 1837 contendat
1328 1792 1386 1837 ne·
1428 1774 1437 1793 ⁶

283 1894 378 1939 cesse
391 1882 452 1951 est,
468 1881 504 1936 ut
519 1877 708 1936 contextum
724 1873 799 1957 ejus
814 1894 913 1956 quam
933 1872 1199 1937 emendatissime
1218 1870 1386 1954 exhibeat,

282 1983 317 2043 et
340 1976 432 2041 labes
455 1976 685 2058 maculasque,
707 1976 916 2039 librariorum
938 1976 992 2044 vel
1013 1980 1147 2059 stupore
1161 1976 1216 2040 vel
1230 1966 1388 2041 socordia

278 2078 315 2165 ei
330 2096 576 2162 aspersasuna
597 2097 672 2141 cum
693 2078 826 2142 laciniis
849 2079 957 2143 deleat
977 2086 1009 2142 et
1029 2078 1162 2160 panniS,
1181 2096 1268 2162 quos
1283 2079 1386 2161 inepti

283 2180 530 2262 interpolatores
544 2179 592 2242 illi
608 2181 754 2243 assuisse
769 2181 874 2267 videri
887 2184 1036 2263 possunt.
1447 2260 1452 2268 1

329 2280 485 2345 Fortasse
500 2288 610 2345 tamen
632 2282 692 2345 viri
715 2280 807 2345 docti
828 2282 903 2364 jure
923 2282 1104 2364 meritoque
1124 2282 1261 2345 nimiam
1279 2299 1388 2347 meam

284 2383 319 2447 in
345 2402 384 2447 ea
414 2403 449 2446 re
472 2382 724 2464 vituperandam
754 2382 956 2465 judicabunt
989 2382 1207 2445 industriam:
1245 2382 1388 2466 amplius

283 2485 370 2547 enim
391 2484 557 2564 octoginta
581 2484 726 2563 codices,
748 2484 801 2547 vel
822 2502 919 2548 maun
941 2484 1057 2567 scripti
1075 2484 1129 2547 vel
1149 2483 1241 2560 editi,
1259 2489 1294 2548 et
1317 2484 1389 2566 ple·

283 2587 377 2669 rique
392 2585 526 2669 quidem
540 2590 607 2648 tum
622 2606 643 2649 a
657 2586 826 2668 principio
842 2584 886 2649 ad
899 2586 1006 2663 linem,
1026 2592 1096 2649 tum
1113 2605 1136 2649 a
1149 2606 1202 2649 me
1217 2587 1305 2668 ipso,
1319 2589 1389 2649 tum

281 2685 538 2753 accuratissimo
560 2684 682 2763 studio,
704 2687 886 2769 comparati
905 2694 992 2751 sunt.
1038 2686 1207 2765 Quantrrm
1229 2686 1390 2751 molestiae

277 2788 491 2863 ‚exhauserim
512 2788 546 2851 in
568 2787 792 2871 conquirenda
813 2789 1079 2873 excutiendaque
1101 2794 1196 2855 tanta
1211 2790 1391 2853 lectionum

285 2889 459 2975 farragine,
475 2890 573 2955 facile
588 2891 778 2973 intelligent,
793 2892 854 2974 qni
867 2892 921 2956 vel
935 2912 1037 2956 uuum
1055 2894 1205 2958 codicem
1221 2892 1392 2973 diligenter

286 2994 492 3058 contulerint.
538 2992 623 3057 Cum
637 3012 716 3058 vero
734 2992 830 3075 longe
851 2996 1000 3059 maxima
1014 2995 1186 3058 varietatis
1199 2994 1297 3075 hujus
1312 3010 1392 3075 pars

287 3095 332 3161 ad
346 3095 463 3161 inanes
475 3094 683 3179 quisquiliae,
706 3100 740 3157 et
759 3095 969 3159 librariorum
993 3095 1048 3158 vel
1072 3100 1242 3175 stuporem
1263 3093 1316 3155 vel
1337 3111 1393 3155 ne·

288 3198 479 3282 gligentiam
493 3197 624 3277 redeat3
640 3196 795 3277 exiguum
812 3196 961 3277 profecto
976 3196 1119 3259 fructum
1131 3194 1209 3256 inde
1222 3198 1256 3257 et
1269 3192 1292 3256 J
1293 3210 1395 3255 urcu-

289 3303 352 3367 alis
376 3308 410 3367 et
434 3303 537 3365 lector
561 3299 731 3383 percipere
753 3303 879 3379 potest,
903 3298 1000 3379 isque
1024 3296 1173 3357 maximo
1196 3292 1278 3356 mihi
1309 3293 1395 3358 redi·

282 3404 427 3467 mendus
455 3404 518 3467 suit
537 3400 659 3477 taedio,
689 3406 812 3476 sumtu,
837 3418 951 3481 opera,
974 3403 1007 3463 et
1029 3395 1202 3479 dispendio
1226 3394 1394 3477 temporis.

290 3503 368 3584 Quo
390 3505 503 3569 labore
525 3502 692 3567 Herculeo
714 3506 869 3584 expertus
890 3520 974 3579 sum,
996 3518 1096 3582 quam
1117 3517 1196 3565 vera
1218 3498 1296 3575 sint,
1318 3516 1396 3581 quae

288 3608 415 3673 monuit
429 3603 547 3689 Heyne
560 3604 594 3667 in
610 3604 749 3669 Praelat.
764 3604 808 3667 ad
822 3602 940 3685 Virgil.
961 3602 1003 3666 T.
1021 3618 1076 3666 111.
1121 3604 1131 3632 ‘
1146 3599 1303 3664 Virorum
1316 3598 1396 3663 doc·

290 3714 300 3743 ‘
316 3715 422 3775 torum
440 3706 572 3789 judicia
595 3724 693 3787 super
707 3706 867 3769 varietate
880 3704 1032 3769 lectionis
1046 3708 1079 3766 ct
1096 3703 1250 3768 codicum
1265 3719 1398 3784 compu-

290 3816 300 3843 ‘
315 3811 441 3875 ratione
455 3809 646 3891 plerumque
659 3826 701 3870 ea
715 3812 802 3883 sunt,
811 3814 849 3871 ut
861 3806 942 3871 nihil
954 3804 1170 3871 omittendum
1180 3824 1253 3867 esse
1268 3806 1394 3885 putent,

284 3916 302 3977 .‘
317 3910 408 3997 quod
427 3909 462 3972 in
481 3907 594 3990 aliquo
615 3907 700 3971 libro
723 3910 859 3991 scripto,
880 3908 935 3973 vel
956 3928 1000 3971 ex
1021 3906 1156 3990 scriptis
1177 3904 1276 3981 edito,
1291 3904 1395 3980 aliter,

291 4017 421 4097 ‘quam
442 4010 542 4091 vulgo
566 4009 696 4093 legitur,
712 4016 887 4075 exaratum
907 4012 962 4075 sit.
1006 4010 1043 4075 Si
1061 4016 1171 4073 tamen
1195 4008 1230 4070 in
1252 4004 1396 4086 Virgilio

287 4120 302 4181 .‘
317 4116 382 4181 hoc
405 4114 488 4178 lone
513 4111 652 4177 concedi
676 4117 796 4195 potest,
816 4118 974 4195 tanquam
995 4113 1030 4177 iu
1049 4108 1152 4193 poen
1173 4108 1334 4193 principe,
1358 4105 1396 4171 in

291 4223 301 4255 ⁶
318 4236 387 4308 quo
409 4214 490 4283 nihil
505 4215 603 4281 nimis
624 4215 697 4283 leve
720 4232 795 4283 csse
820 4215 938 4299 possit,
959 4218 993 4279 et
1010 4214 1046 4279 in
1066 4230 1134 4297 quo
1153 4208 1283 4277 crifioes
1305 4206 1396 4277 rudi-
