3184 4917
566 438 811 492 nominantur
832 442 977 493 roarrs.
1278 431 1325 503 85

211 578 304 647 iliius
325 580 388 646 ita¹
397 578 564 667 judicavit
589 582 813 663 Quintilianus
836 584 1020 653 1.0.1.1.
1043 586 1137 655 ‘Hic
1161 591 1323 674 gravitate

216 686 462 762 sententiarum,
491 686 638 768 pondere
664 688 855 769 verborum,
883 692 1080 757 anctoritate
1108 712 1322 777 personarum

209 786 424 850 clarissimus
437 786 509 866 fnit,
526 789 608 853 citra
622 794 733 855 tamen
746 793 903 860 nilmem!

211 930 218 954 2
261 886 410 965 Quinam
425 888 534 971 po'dtae
548 899 668 974 prater
683 894 871 960 Pacuvium
885 896 1055 963 anianas
1064 899 1322 982 conscripserint

216 988 360 1067 Satiras,
385 1010 453 1053 non
474 991 580 1057 habco
606 994 724 1061 dicere.
771 996 812 1062 ln
827 1000 1043 1073 eorumforte
1063 1020 1231 1065 numerum
1252 992 1323 1066 tum

216 1090 355 1175 qnidam
366 1112 413 1156 ex
427 1094 470 1156 iis
485 1094 643 1159 referendi
658 1104 745 1178 sunt,
760 1120 846 1185 quos
862 1092 949 1168 infra
961 1104 996 1167 in
1006 1101 1130 1168 Lucilii
1141 1103 1323 1167 imitatores

207 1196 365 1277 reposui,
379 1200 448 1259 tum
463 1188 613 1262 Saulus
624 1198 803 1267 Nrcnuoa
818 1202 1078 1282 Grammaticus,
1092 1204 1151 1288 qui
1162 1203 1324 1268 Varronis

209 1293 306 1374 aevo,
321 1298 374 1361 vel
395 1317 462 1361 non
486 1301 533 1365 ita
555 1304 659 1367 multo
673 1311 751 1387 post
765 1307 895 1371 vixisse
909 1308 1048 1384 videtur,
1064 1306 1153 1372 etde
1167 1326 1236 1390 quo
1250 1307 1324 1371 lraeo

101 1407 108 1417 ·
217 1392 386 1465 memoriae
409 1401 557 1482 prodidit
571 1403 704 1471 Sueton.
720 1406 761 1471 dc
775 1408 822 1473 ill.
839 1408 955 1474 Gram.
972 1430 1001 1474 c.
1016 1412 1048 1474 5.
1071 1408 1189 1475 ‘Fecit
1202 1414 1324 1493 praeter

203 1504 482 1582 commentarios,
498 1524 637 1588 quorum
652 1513 760 1572 tamen
775 1530 855 1593 pars
877 1514 1028 1576 maxima
1045 1513 1225 1594 intercepta
1239 1510 1324 1575 dici-

207 1607 281 1679 ¹tur,
296 1610 330 1668 et
353 1604 497 1670 Satiram
512 1626 655 1691 quoquc,
671 1611 705 1672 in
719 1630 786 1693 qna
799 1612 984 1677 libertinum
997 1634 1034 1677 se
1050 1633 1091 1677 ac
1106 1612 1233 1695 duplici
1247 1602 1325 1695 cog-

216 1706 348 1770 nomina
370 1726 430 1790 per
454 1708 518 1773 huc
534 1710 671 1776 indicat:
696 1711 822 1777 Saeviu'
839 1710 986 1778 Nicanor
1001 1712 1111 1777 Marci
1123 1712 1252 1777 libertu'
1265 1730 1323 1777 ne-

215 1809 325 1889 gabit3
348 1810 473 1875 Saeviu’
487 1810 724 1879 Postumianus
736 1816 836 1895 idern,
851 1816 911 1881 sed
927 1815 1058 1881 Marcu’
1072 1807 1226 1879 docebit’

259 1909 317 1973 Ad
341 1910 500 1977 Ennianae
526 1902 644 1981 Satira
670 1917 918 1983 similitudinem
942 1906 1097 1983 accessit
1112 1912 1323 1995 Varroniano,

205 2030 295 2094 onae
311 2018 421 2077 tamon
434 2034 500 2079 non
514 2016 610 2080 varia
632 2022 760 2087 tantum
783 2020 888 2085 metra
911 2024 945 2085 et
969 2024 1173 2103 argumenta,
1188 2023 1223 2082 et
1238 2019 1326 2083 seria

214 2132 293 2177 cnm
302 2116 404 2199 jocis,
432 2116 490 2181 scd
504 2117 688 2200 pedestrem
712 2138 847 2205 quoqne
869 2140 1052 2185 sermonem
1077 2139 1154 2183 cum
1178 2117 1323 2202 poitico,

211 2220 261 2291 et,
276 2220 314 2278 ut
328 2210 511 2295 Luciliano,
528 2217 652 2283 Graeca
665 2238 741 2282 cum
754 2220 881 2285 latinis
891 2220 1038 2285 miscuit.
1083 2220 1323 2299 Quintilianus,

203 2317 278 2398 .qui
290 2318 324 2381 iu
344 2316 428 2393 Inst.
446 2318 503 2383 Or.
522 2336 560 2384 x.
577 2322 609 2385 1.
625 2341 652 2387 s.
669 2321 722 2386 93.
744 2323 788 2387 dc
810 2323 920 2388 Satira
942 2321 1118 2386 Luciliana
1132 2323 1324 2407 disputare-

212 2423 279 2495 rat,
295 2412 375 2483 mox
390 2438 418 2484 s.
433 2420 487 2486 95.
503 2422 577 2485 haec
593 2422 756 2507 adjungit:
779 2426 951 2492 ‘Alterum
965 2424 1047 2489 illud
1055 2431 1108 2492 est
1115 2435 1149 2489 et
1160 2414 1253 2509 priris
1262 2423 1325 2489 Sa·

215 2520 290 2582 tirae
305 2516 431 2602 genus:
444 2524 531 2599 (scil.
547 2522 746 2605 Ennianum,
761 2527 851 2610 quod
865 2528 1118 2611 antiquiuscst)5
1134 2526 1244 2610 ‘quod
1258 2543 1325 2589 non

204 2621 289 2685 -sola
303 2625 483 2687 carminum
500 2628 669 2692 varietate'
683 2620 757 2704 (sed
778 2631 879 2694 etiam
899 2631 1067 2708 orationis,
1086 2648 1200 2712 prosae
1216 2632 1250 2690 et
1262 2646 1324 2689 nn-

203 2724 317 2787 :meris
332 2725 488 2802 astrictae,
501 2724 630 2793 Latina
646 2734 680 2792 et
694 2729 842 2811 Graecae)
859 2732 1018 2795 ‘mixtum
1033 2728 1181 2794 condidit
1195 2726 1324 2789 M.Ta-

217 2840 384 2891 aramus
399 2826 551 2905 Vnaao,
565 2830 617 2893 vir
630 2828 856 2895 Romanorum
868 2829 1138 2897 emditissimus.
1156 2826 1323 2907 Plurimos

213 2926 270 2991 tric
298 2928 402 2993 libros
426 2934 460 2993 et
488 2929 700 2995 doctissimos
726 2933 926 3015 composuit,
954 2929 1177 3014 peritissimus
1203 2927 1325 3011 lingum

217 3026 360 3107 Latinae,
374 3036 408 3095 ct
430 3033 539 3096 omnis
564 3032 782 3114 antiquitatis,
802 3038 836 3097 et
857 3052 966 3096 rerum
988 3030 1182 3095 Graecamm
1199 3035 1327 3095 nostra-

215 3149 362 3215 rumque,
377 3132 453 3217 plus
468 3138 577 3198 tamen
601 3134 750 3201 scientiae
776 3134 958 3200 collaturus
971 3152 1073 3219 quam
1090 3129 1326 3217 eloquentiae.’⁶

615 3272 618 3285 '
714 3302 827 3353 aona

202 3382 220 3427 ·'
248 3400 263 3443 5
281 3392 414 3444 (lascarus
433 3394 466 3444 ad
487 3384 597 3449 Quintil.
608 3396 625 3447 1.
637 3396 656 3447 l.
674 3404 749 3462 puta·
789 3413 813 3449 ι.
825 3399 857 3448 U.
868 3413 891 3448 c.
902 3402 961 3449 818.
973 3404 1087 3447 mortuus
1098 3410 1122 3446 a.
1135 3396 1168 3446 ll.
1180 3394 1326 3445 8788881

214 3468 432 3535 hafflingensis
447 3470 489 3523 iric
509 3472 563 3523 dici
573 3476 748 3537 praestantius,
788 3480 846 3526 ⁷2⁷.
856 3473 902 3541 (cf.
917 3476 986 3526 Plln.
998 3488 1077 3525 xxix.
1088 3479 1112 3523 4.
1132 3488 1153 3522 s.
1166 3470 1221 3535 18.)
1233 3470 1326 3534 magis·

202 3548 259 3597 wel
279 3548 343 3597 illud
361 3552 431 3612 prino
450 3564 485 3598 ex
504 3550 657 3613 compendio
679 3552 750 3601 vocis
790 3559 833 3603 tro
844 3566 905 3601 nsua
915 3550 1090 3600 eruditissimo
1100 3549 1130 3598 1..
1138 3548 1205 3597 liiiio
1215 3546 1325 3607 Stilone,

211 3623 426 3685 mertuorum
438 3638 503 3686 essa,
515 3636 628 3675 nostram
640 3628 751 3677 veroin-
789 3625 874 3694 (Gall.
894 3640 912 3675 1.
932 3630 971 3675 18.
984 3638 1032 3675 xx.
1045 3628 1084 3675 ll.
1110 3622 1166 3673 cic.
1178 3620 1261 3671 dead.
1272 3623 1326 3674 Qn.

203 3702 430 3764 terpretatorem
448 3702 544 3753 diserte
560 3704 750 3753 contradicere
790 3716 811 3754 1.
828 3707 852 3751 1.
865 3710 892 3751 et
903 3702 977 3751 Brut.
996 3700 1050 3764 td.)
1065 3699 1092 3749 ln
1110 3699 1244 3751 Ciceronis
1264 3700 1326 3748 alio·

214 3774 256 3838 iis,
275 3790 332 3841 qua
354 3792 375 3828 s.
398 3782 439 3829 98.
458 3772 630 3843 disputarerit
642 3779 749 3841 Fabius;
792 3792 900 3841 rumque
917 3778 1029 3827 virornnr
1041 3776 1241 3825 clarissimorum
1252 3774 1327 3825 fami·

199 3852 284 3915 cuod
293 3852 412 3917 equidem
424 3868 475 3903 non
487 3856 627 3921 asseipnor:
645 3870 702 3906 enm
713 3862 751 3906 ts·
790 3854 906 3904 ilaritate
923 3858 1048 3916 venatus,
1059 3852 1127 3918 (Cic.
1144 3850 1228 3901 Acad.
1240 3854 1292 3905 (ln.
1304 3867 1326 3903 1.

213 3940 274 3977 rnen
286 3942 337 3977 non
349 3930 413 3980 satis
423 3932 559 3997 perspicue
567 3933 683 3982 locutum
692 3945 750 3983 esse
791 3934 814 3980 1.
835 3935 863 3979 et
879 3928 912 3979 sd
931 3929 993 3978 Dia.
1004 3940 1068 3979 xrrr.
1080 3926 1133 3992 1⁰.)
1150 3928 1285 3978 tribunatu
1296 3935 1325 3979 et

201 4002 379 4055 *crediderim
790 4004 1021 4056 aliis‘nrnnaribns
1054 4004 1170 4068 t'nnctns,
1203 4004 1324 4068 Pompeii

198 4102 205 4113 ·
244 4082 262 4127 8
277 4078 327 4128 Vir
338 4088 367 4130 ot
378 4077 542 4133 doctissimas
552 4082 613 4147 init,
633 4092 661 4135 et
681 4086 752 4151 inge·
775 4108 780 4115 ·
791 4090 879 4147 partes
891 4081 1025 4147 amplians
1035 4083 1062 4132 in
1072 4082 1141 4133 bello
1151 4082 1232 4146 cirili,
1240 4084 1325 4150 (Plln.

200 4152 372 4206 ·niorissirnns
399 4171 429 4208 ac
456 4160 683 4224 reamisimus,
708 4162 749 4227 (v.
790 4158 1014 4223 vrr.w.rlppian.
1034 4160 1058 4208 b.
1075 4157 1325 4223 Mithrid.06.)ca·

213 4230 325 4295 Dionys.
338 4232 399 4283 llsl.
412 4242 442 4283 tr·
454 4240 496 4284 11.
512 4236 616 4286 Saum·
625 4238 702 4287 Cone.
718 4239 752 4287 ad
791 4236 843 4286 sari
854 4236 1035 4287 reconciliatas
1045 4242 1074 4285 et
1084 4236 1117 4285 ab
1133 4250 1166 4286 co
1181 4236 1326 4286 Bibliothe-

213 4306 293 4358 Halr.
305 4313 329 4359 8.
340 4308 399 4361 cle.
410 4310 444 4359 ad
454 4308 512 4363 Att.
531 4324 594 4363 xnr.
607 4312 663 4378 18.)
674 4318 752 4363 natas
793 4314 832 4365 cir
852 4312 1032 4379 comparandis
1051 4318 1080 4364 st
1098 4313 1248 4379 digerendis
1259 4326 1324 4377 pra·
