3184 4917
156 396 158 401 ·
267 358 332 431 120
510 375 559 424 ns
583 374 666 423 ssu.
690 370 1045 435 scemurensem,
1070 359 1133 421 &c

266 539 401 607 quoque
422 517 630 603 aptissimum
652 514 726 593 suit,
748 513 882 599 siquid
898 514 1029 599 judico,
1048 513 1131 579 illud
1150 533 1287 583 mussas
1300 536 1370 582 mo·

266 624 385 689 vendae
407 620 567 699 studium,
595 618 685 703 quod
711 619 747 683 in
773 618 939 684 nonnullis
963 618 1050 685 locis
1073 618 1201 709 elucere
1226 619 1370 701 videtur,

766 785 877 837 NOTAE

268 918 317 955 nec
328 900 404 952 fortis
416 901 544 965 majorum
556 916 660 952 snorum
680 904 802 969 exemplu
839 902 974 953 scientia·
991 908 1092 953 retorta
1114 917 1218 966 prorsus
1239 902 1372 953 bebescnt.

266 986 457 1043 represserunt,
474 984 600 1028 matrones
614 979 737 1030 Persides
755 994 801 1045 pe·
841 979 966 1043 Quisquis
986 979 1068 1043 igitur
1087 978 1227 1028 buturicus
1245 977 1373 1040 appellari

266 1056 324 1123 plus
336 1057 400 1120 ipsse
410 1055 459 1105 sibi
472 1070 531 1105 suos
551 1056 584 1105 ab
597 1056 648 1108 imo
667 1056 802 1107 sustollen·
839 1056 946 1117 meruit,
965 1068 1007 1104 res
1036 1054 1157 1103 boneta·
1174 1059 1205 1103 et
1222 1059 1313 1117 turpes
1332 1054 1373 1105 uti

266 1140 317 1195 tes,
337 1134 579 1197 interrogantesque
595 1148 628 1182 an
647 1133 717 1197 illuc,
729 1134 799 1183 unde
840 1137 1112 1197 quaquegestesnnt
1122 1130 1247 1195 exponit3
1264 1138 1372 1185 rectene

266 1209 316 1275 ipsi
334 1207 450 1272 fugacem
463 1208 556 1272 pedem
577 1207 687 1259 infantes
699 1210 799 1259 estule·
840 1223 873 1257 sn
890 1222 964 1257 secus
976 1215 1057 1271 gestus
1069 1207 1131 1270 siut,
1149 1222 1220 1256 curte
1238 1220 1296 1255 esse
1318 1218 1372 1256 suat

265 1292 335 1349 rant,
347 1285 490 1350 confugere
509 1281 618 1348 vellent,
637 1285 740 1349 objecto
752 1301 799 1350 pu·
839 1284 883 1335 rix
889 1290 976 1348 putet,
985 1298 1044 1334 cum
1052 1284 1075 1335 is
1087 1285 1121 1334 sit
1129 1285 1175 1350 qul
1185 1284 1219 1333 sb
1228 1282 1371 1334 Aristotele

264 1363 328 1413 dore
341 1363 486 1412 inmediam
496 1362 706 1427 persequentium
715 1365 799 1413 aciem
838 1362 936 1413 dicitnr
955 1360 1028 1423 pleae
1042 1360 1246 1413 summm.
1277 1361 1373 1413 satim

266 1452 326 1489 cum
345 1440 456 1489 victoris
477 1447 670 1492 converterunt.
703 1440 799 1505 Itaque
839 1451 898 1487 rum
918 1438 1031 1501 scriptor
1051 1452 1184 1489 censuram
1207 1437 1263 1501 agit
1291 1438 1372 1488 etiarn

266 1530 317 1565 non
328 1514 419 1565 inutile
430 1530 487 1565 esse
498 1516 602 1565 ridetur
619 1530 705 1567 rernm
716 1517 799 1581 turpi·
839 1528 898 1564 curn
918 1521 1021 1575 narrat;
1040 1514 1136 1564 etenim
1155 1514 1237 1563 instat
1257 1520 1372 1564 ntaccu·

266 1597 308 1641 ter
332 1598 463 1656 gestarum
487 1592 674 1656 turpitudinem
697 1593 734 1643 sic
755 1606 799 1643 ex·
838 1596 918 1654 sator,
928 1590 1048 1657 disquirit
1064 1596 1095 1641 nt
1110 1589 1205 1657 judex,
1214 1590 1326 1655 castigat
1343 1596 1374 1640 nt

267 1667 391 1733 probrare
411 1668 548 1729 narrando,
569 1677 599 1717 ut
619 1668 745 1733 pudorem
766 1669 800 1719 de
839 1666 944 1716 vindex.
977 1667 1278 1717 Fstsutemcomnnnls
1296 1667 1373 1717 bisto-

265 1742 395 1795 srontibus
415 1745 494 1795 etism
513 1745 743 1809 impudentissimis
754 1760 800 1796 es·
839 1743 887 1793 ria
898 1742 1037 1808 astirsqua
1052 1741 1179 1807 suffusis,
1197 1755 1374 1809 quereretur,

266 1822 414 1887 primamne.
449 1823 530 1873 immo
562 1824 612 1873 boc
640 1822 801 1886 potissimum
840 1818 1004 1883 nequidilla
1023 1819 1077 1867 reri
1100 1820 1188 1868 dicere
1200 1833 1253 1868 non
1270 1816 1373 1883 sudent,

267 1898 402 1962 quaeritur,
424 1897 474 1947 isto
492 1897 638 1960 presertim
661 1896 801 1946 causarum
840 1907 908 1943 nere
929 1893 991 1959 quid
1011 1894 1062 1943 ista
1082 1890 1202 1958 probrosi
1221 1906 1330 1957 carpere
1345 1901 1374 1944 et

268 1988 377 2039 genere,
398 1974 467 2039 quod
487 1988 589 2024 morum
610 1974 801 2025 imitationibus
839 1977 935 2022 noune
960 1970 1091 2021 formidet.
1133 1970 1227 2036 Itsquc
1256 1986 1315 2022 cum
1341 1986 1375 2023 ex

268 2062 300 2101 nc
323 2050 542 2115 descriptionibus
561 2056 673 2101 constat.
690 2048 733 2101 ef.
746 2050 801 2101 Hu·
841 2062 928 2099 rerum
952 2056 1084 2115 gestarum
1109 2049 1259 2113 cognitione
1286 2065 1376 2115 pravo·

267 2134 318 2177 sat.
335 2128 392 2178 Sat.
410 2141 430 2177 r.
444 2132 469 2177 t.
482 2131 506 2179 2.
520 2142 559 2193 sq.
579 2133 607 2177 et
625 2141 656 2177 ιι.
669 2130 693 2177 1.
703 2130 745 2177 62.
761 2142 801 2193 sq.
841 2138 952 2190 rumque
968 2138 1067 2175 morum
1083 2123 1245 2175 correctione
1263 2126 1377 2178 bsbeant

268 2204 356 2257 Quare
374 2204 461 2253 mirari
479 2203 561 2267 soleo,
571 2202 686 2253 Plinium
706 2204 733 2252 in
751 2204 802 2253 bis·
841 2200 968 2265 homines,
990 2200 1060 2251 nude
1075 2201 1256 2266 prudentiores
1273 2216 1305 2251 ac
1321 2216 1374 2253 sne·

267 2281 341 2331 torius
369 2282 494 2331 naturalis
514 2295 594 2343 opere
620 2280 731 2331 mirabili
758 2297 790 2331 ac
841 2278 1007 2339 liorestiant3
1024 2285 1163 2345 utrumqne
1179 2284 1266 2329 sutem
1277 2277 1311 2329 ab
1322 2280 1373 2331 bis-

266 2358 343 2423 plane
360 2356 448 2405 divino
469 2358 506 2409 slc
528 2372 583 2408 esse
600 2358 741 2423 opinatum,
761 2366 792 2411 ut
843 2354 912 2405 toria
925 2360 954 2405 et
963 2355 1046 2405 sstirs
1051 2354 1239 2419 jucundissime
1254 2354 1374 2407 conticis·

268 2432 378 2495 dlcsret‚
398 2432 464 2481 mira
485 2433 589 2483 hnmani
609 2434 709 2498 ingenii
727 2442 803 2497 peste
842 2437 901 2481 tur:
919 2445 971 2482 non
990 2446 1175 2497 usquequaque
1187 2446 1325 2498 perperam
1336 2432 1374 2484 se·

267 2508 416 2572 sanguninem
436 2515 465 2558 et
493 2510 578 2559 cedes
608 2510 686 2560 eonii
702 2512 802 2561 annali-
841 2508 1111 2575 cusevidentnr,qul
1129 2509 1301 2573 ingeniisque
1315 2524 1375 2561 can

267 2584 324 2647 bns,
361 2585 429 2635 unde
454 2586 585 2639 bominum
611 2586 712 2637 scelera
744 2600 802 2637 nos·
841 2582 1299 2650 impericilomanosenescsntibus,
1313 2602 1373 2637 cnm

266 2666 369 2711 cantur.
409 2663 489 2714 Quasi
511 2669 618 2712 cunctos
638 2662 671 2711 ab
692 2662 802 2712 historie
835 2659 891 2723 jsrn
914 2660 994 2711 libros
1015 2662 1102 2711 animo
1123 2660 1277 2713 fastidiente
1304 2663 1372 2713 male

267 2736 401 2787 debortsri
413 2737 535 2800 voluerit,
554 2737 598 2802 qsi
614 2743 701 2787 tumen
720 2738 801 2802 pessi·
841 2738 1107 2804 singulostsngerent,
1118 2739 1374 2805 sdeoqnedoctulnas

266 2826 366 2863 morum
388 2812 552 2877 Principum,
570 2826 619 2863 nec
640 2813 724 2863 minus
748 2815 802 2881 qui-
840 2819 981 2865 straneas
1001 2816 1205 2879 detestarentur,
1220 2817 1375 2868 Juvenalenr

267 2888 326 2938 dem
348 2888 430 2953 ipsius
441 2887 555 2939 Neronis
575 2904 618 2939 res
631 2896 717 2954 gestus
726 2888 801 2941 libris
841 2898 871 2942 at
890 2892 1003 2941 Marium
1014 2892 1159 2943 Maximum
1176 2892 1308 2943 curatiore
1317 2899 1373 2942 stu·

268 2976 347 3013 mr.
368 2980 384 3013 a
396 2964 448 3013 fine
469 2964 650 3015 AufidiiBassi
670 2967 803 3031 conscrip·
842 2966 895 3029 dio,
916 2975 949 3017 ut
964 2968 1052 3033 inquit
1072 2968 1223 3019 Ammianus
1243 2967 1376 3019 Mareelli-

267 3048 348 3102 serat,
359 3056 423 3106 quos
435 3041 515 3091 libros
525 3044 623 3091 ntinmn
640 3043 715 3093 nubis
726 3058 802 3107 supu-
841 3056 899 3106 nus,
909 3044 1076 3103 lectitabant,
1084 3044 1156 3093 nulia
1169 3043 1299 3094 solumina
1307 3058 1375 3109 pro·

267 3117 443 3167 riorssscula
464 3132 515 3167 non
531 3118 691 3181 invidissent,
708 3125 801 3168 etmo·
841 3124 883 3167 ter
904 3116 962 3167 brec
984 3119 1011 3166 in
1031 3116 1161 3181 profundo
1181 3118 1236 3168 otio
1254 3126 1375 3171 contrec-

268 3206 322 3243 rsm
342 3194 413 3242 illurn
432 3200 560 3254 veterem,
570 3208 648 3256 quem
668 3193 701 3242 ad
723 3194 800 3243 Pom·
840 3196 939 3241 tsntcsr
957 3206 1052 3256 nempe
1063 3191 1182 3256 segnitia
1192 3203 1246 3243 snus
1265 3194 1376 3245 delicies

268 3266 321 3331 peii
332 3267 370 3316 M.
389 3272 508 3331 tempora
525 3266 651 3315 mansisse
663 3266 801 3316 Cornelius
840 3263 984 3330 faciebant,
994 3268 1230 3335 existimabantqna
1240 3270 1375 3334 ingentem

267 3342 359 3409 Nepos
383 3342 502 3405 tradidit,
532 3342 651 3393 revocari
675 3343 801 3409 placeret,
839 3342 996 3407 scriptorum
1020 3343 1126 3395 turbam
1150 3345 1248 3409 negligi
1267 3346 1374 3410 impunc

267 3419 375 3470 historie
402 3433 454 3469 non
476 3419 527 3469 nisi
557 3419 590 3469 nb
617 3420 801 3473 honestissimo
840 3418 1215 3486 stqueinsuperlrsberi,dum
1224 3420 1374 3472 essetunds

269 3510 372 3562 quoque
398 3494 574 3545 scriberetur:
603 3495 642 3545 tic
668 3495 738 3545 enlm
765 3496 801 3546 sd
840 3500 870 3545 et
884 3497 998 3547 moribus
1018 3497 1241 3562 deprarstlssimis
1256 3505 1374 3549 extrema

268 3573 445 3635 exemplorum
463 3569 542 3622 tidem
552 3571 692 3621 accederet
706 3572 802 3625 eximia
841 3572 964 3637 remedia,
982 3580 1011 3623 at
1031 3574 1193 3639 temporibus
1214 3573 1373 3625 difficillimis

268 3648 404 3699 scribentis
415 3648 568 3712 auctoritas,
578 3662 699 3711 msgnum
709 3648 801 3713 ntique
840 3651 962 3715 exempla
985 3652 1225 3701 convenientissima
1251 3658 1375 3717 suppete-

268 3736 355 3774 remm
377 3729 508 3787 gestarum
529 3723 672 3773 narntluni
697 3725 801 3788 pondus
840 3732 914 3781 rent.¹
943 3728 1083 3793 Nunquam
1098 3729 1167 3778 ssim
1182 3728 1245 3779 milti
1269 3744 1376 3795 persus·

268 3800 399 3851 additura.
433 3799 604 3851 Idsutemeo
624 3800 746 3853 libentius
757 3802 802 3853 bic
841 3799 897 3853 deri
908 3802 1005 3867 patiar,
1014 3802 1178 3854 Amanium
1189 3806 1246 3854 brec
1257 3804 1318 3855 ideo
1326 3818 1372 3855 no·

268 3890 449 3941 commemoro,
469 3878 536 3943 quod
560 3884 591 3929 nt
615 3878 748 3930 bisturiunr
766 3880 801 3930 ab
840 3880 1372 3945 tasseutsurecsttssurntsstmttecuo·

268 3954 447 4005 honestissimo
476 3954 563 4016 scribi,
578 3956 617 4005 sic
644 3960 674 4005 et
700 3969 801 4007 morum
839 3954 1073 4006 neminterrernm
1092 3954 1372 4019 publiesmmcorrnp-
1465 4002 1469 4007 .

268 4030 373 4079 rsuram
391 4029 424 4080 sb
443 4030 542 4093 optimo
560 4044 664 4097 quoque
678 4034 799 4097 componi
839 4030 906 4081 telus
916 4038 1106 4096 poneret,cum
1122 4031 1187 4097 ipse,
1206 4030 1306 4096 quoties
1316 4029 1372 4091 pbia

270 4103 398 4166 adtleost3
414 4120 448 4155 ns
459 4113 505 4155 sut
513 4105 619 4156 historia
629 4108 717 4159 servili
728 4122 800 4158 men·
838 4104 973 4171 losopbum
982 4107 1047 4172 agit,
1055 4121 1106 4157 non
1115 4120 1198 4172 pauca
1208 4104 1371 4156 consistatis

268 4180 345 4231 dacio
372 4181 506 4245 inquinata
522 4191 661 4231 vanescere
680 4182 800 4247 incipiat,
840 4188 940 4234 tanum
963 4184 1070 4248 syllabis
1097 4198 1132 4233 en
1153 4182 1283 4235 Juvenale
1303 4188 1373 4233 tren-

271 4263 317 4310 aut
327 4257 407 4308 satira
417 4256 604 4309 inscelerstsm
615 4260 728 4311 aucturis
738 4272 789 4309 eon
839 4260 954 4312 scribat:
969 4262 1005 4311 ds
1022 4259 1170 4328 quostiam
1180 4258 1310 4312 bucosrni
1331 4274 1373 4311 ss·
