3184 4917
530 426 668 491 annau,
692 425 738 477 nr
759 426 985 479 iuuentute.
1238 411 1305 490 lt*

231 567 311 635 'His
324 568 525 653 temporibus
537 570 652 635 vixero
666 570 847 648 Piras1ns,
873 566 932 657 qui
945 590 1049 639 annos
1062 574 1121 639 vix
1136 570 1303 640 duodeni·

200 671 292 753 ginta
305 674 403 735 uuus
416 671 500 735 obiit
511 691 596 737 nouo
610 672 750 756 imperio
762 669 910 737 Neronis
920 692 1019 751 nuno,
1028 679 1062 738 et
1071 673 1094 738 J
1097 690 1302 754 numanis,

200 772 258 857 qui
273 772 501 853 octogenarius
515 774 558 837 ab
574 772 749 838 Hadriano
768 774 808 838 ¹in
823 774 1006 859 AEgyptum
1019 776 1141 840 missus
1152 780 1185 841 et
1196 774 1303 859 paulo

200 878 279 955 post
295 876 445 937 mortuus
460 879 521 939 cst.
566 872 628 939 Ille
642 873 830 939 Volaterris
847 878 887 939 'in
907 874 1041 941 Etruria
1061 873 1165 940 nobili
1187 896 1304 958 genero

200 979 309 1053 natus,
332 975 521 1059 opibusque
534 977 664 1057 magnis
675 978 867 1055 innutritus,
887 982 1006 1061 postea
1019 975 1140 1041 Romae
1154 975 1305 1060 discipli·

200 1092 246 1139 na
258 1092 340 1139 usus
354 1080 405 1139 est
419 1074 621 1141 Palaemonis
632 1076 776 1159 primum
791 1078 998 1159 grammatid
1011 1082 1045 1141 et
1058 1075 1208 1160 Verginii
1223 1076 1304 1143 Rau

199 1173 349 1253 rhetoris,
362 1176 406 1242 ab
421 1179 507 1240 an'no
522 1182 631 1243 autem
648 1177 758 1241 aetatis
773 1177 905 1241 decimo
917 1183 1015 1241 sexto
1028 1176 1151 1243 Annaei
1165 1175 1305 1243 mmcd

199 1275 389 1359 philosophi
404 1277 520 1355 Stoici,
537 1279 632 1363 cujus
645 1279 739 1343 lateri
753 1278 897 1343 adhaesit
909 1284 1082 1363 perpetuo.
1119 1276 1199 1343 Fuit
1210 1298 1305 1346 vore-

201 1374 335 1442 cnndiae
356 1378 534 1460 virginalis,
556 1376 603 1465 (si
627 1379 787 1445 Suetonio
811 1380 866 1445 vel
890 1380 1020 1445 auctori
1034 1379 1115 1445 vite
1129 1379 1204 1463 ejus
1221 1378 1305 1445 fidos

201 1473 504 1559 habenda)·nrentis
518 1498 685 1561 generosae
708 1479 800 1544 etad
814 1482 1021 1545 severitatem
1035 1480 1209 1564 pronioris,
1220 1500 1305 1556 ,mo-

201 1596 275 1641 rum
289 1578 583 1657 sanctissimorum,
598 1580 655 1643 uni
670 1598 787 1662 eequus
801 1580 915 1645 virtuti
928 1586 962 1645 et
975 1587 1133 1647 constans
1146 1581 1306 1645 vitiorum

201 1676 331 1755 bostis,
345 1678 404 1743 sed
423 1678 553 1745 felicior
566 1680 649 1744 forte
665 1678 813 1745 Zenonis
827 1685 860 1745 et
874 1679 1066 1765 Chrysippi,
1088 1700 1189 1763 quarn
1205 1680 1306 1745 Luci·

201 1776 240 1841 lii
251 1784 286 1842 et
300 1778 432 1843 Horatii
445 1780 600 1845 imitator.
632 1778 759 1845 Satisne
775 1780 849 1864 ejus
857 1799 937 1859 non,
949 1788 986 1845 nt
1000 1781 1209 1859 Horatianos,
1222 1800 1305 1847 mox

201 1878 238 1941 in
252 1878 371 1961 vulgus
384 1880 575 1959 edebantur,
595 1880 655 1947 sod
672 1882 812 1963 singulte
826 1882 945 1947 enticis
959 1888 1099 1958 nutum,
1116 1881 1236 1966 quibus
1249 1898 1307 1946 ea·

202 1974 280 2043 dem
294 1986 366 2045 erat
379 2000 481 2059 mens,
503 1981 591 2047 etde
606 1989 746 2067 quornm
760 1984 827 2049 fide
848 1985 917 2067 ipsi
932 1982 1119 2060 constabat,
1144 1980 1305 2061 Cornuto,

202 2078 326 2158 Basso,
350 2079 462 2145 Plotio
485 2080 639 2148 Macrino
652 2088 686 2148 et
700 2084 787 2162 aliis,
810 2085 1064 2162 innotescebant,
1087 2089 1121 2147 et
1134 2102 1250 2148 omnes
1264 2102 1306 2147 eo

202 2178 335 2245 demum
347 2186 476 2247 mortuo
491 2181 753 2265 divulgabantur,
772 2203 874 2267 quam
887 2186 930 2248 ob
946 2202 1083 2248 causam
1094 2184 1198 2247 libero
1213 2187 1307 2264 pote·

202 2286 257 2347 rot
270 2281 426 2359 scribere,
449 2282 608 2367 quicquid
628 2280 810 2365 indignatio
828 2283 977 2350 dictaret
1020 2282 1197 2351 luvenalis
1210 2282 1306 2363 nulii,

706 2524 813 2579 ΝΟΜ

202 2644 311 2695 minere
322 2662 369 2711 pro
380 2649 501 2701 libertate
517 2652 622 2717 publica
633 2654 735 2719 excepi,
774 2654 859 2703 oniins
872 2652 1000 2703 habitant.
1032 2652 1102 2702 Pecs
1121 2654 1209 2701 restrs
1228 2649 1309 2701 licent

201 2721 735 2792 huocuinmprorobisirupendi-ldaec
774 2731 881 2793 dixisse,
902 2731 980 2794 primi
998 2728 1110 2780 omniurn
1133 2727 1308 2791 eloquentiam

201 2798 261 2863 ipsu
275 2800 735 2870 to'itrsbiiisessent,slsd'eloquen·
775 2806 933 2870 perdidistis.
964 2804 1077 2854 levibus
1086 2800 1309 2865 enimstqueins·

202 2872 267 2947 tisun
286 2875 360 2927 ituris
379 2880 447 2928 viam
463 2876 598 2931 lacerent:
625 2888 736 2930 nuncet
775 2882 851 2932 nibns
872 2880 941 2930 sonis
966 2878 1079 2929 indibria
1102 2876 1220 2941 quadem
1241 2876 1310 2926 exci-

203 2960 292 3001 rtrum
309 2960 420 3018 tumore,
442 2963 469 3006 et
489 2956 673 3006 sententiarum
693 2970 736 3005 rs·
775 2958 855 3006 tundo
874 2954 1006 3016 effecistis,
1024 2960 1054 3003 ut
1075 2966 1168 3016 corpus
1185 2950 1310 3001 orationis

201 3028 310 3079 mino
327 3033 438 3095 strepitu
456 3034 504 3083 boe
521 3036 621 3082 tantum
636 3030 737 3093 profici·
776 3038 945 3082 sumeretur
955 3036 982 3080 et
997 3028 1114 3079 caderet.
1137 3026 1260 3077 Nondum
1266 3025 1310 3091 ju·

204 3112 261 3167 unt,
276 3113 314 3169 nt,
330 3122 389 3159 cum
401 3108 428 3158 in
445 3108 527 3159 lorum
546 3106 675 3168 venerint,
691 3120 736 3170 pn·
775 3122 855 3159 renes
863 3104 1091 3157 decimationibus
1099 3103 1312 3167 conterebantur,

205 3184 264 3233 tent
281 3198 308 3231 se
326 3184 352 3232 in
369 3185 446 3235 aliurn
457 3193 582 3234 terrarum
594 3182 682 3232 orbern
693 3184 737 3231 de·
776 3196 835 3233 cunr
845 3181 986 3246 Sopboclcs
1001 3184 1047 3229 sut
1059 3178 1196 3243 Euripides
1207 3172 1311 3228 invene·

203 3256 281 3309 istos.
313 3260 349 3309 Et
377 3260 437 3311 ideo
464 3276 512 3325 ego
532 3258 737 3309 adolescentulos
776 3266 840 3311 runt
860 3258 950 3321 verbs,
971 3256 1065 3323 quibus
1084 3256 1211 3305 deberent
1230 3254 1310 3322 loqui.

189 3334 326 3385 'mutilus
340 3336 368 3384 in
386 3335 480 3385 scholis
495 3332 657 3385 stultissimos
670 3331 738 3393 lieri,
777 3335 899 3388 Nondum
919 3334 1075 3384 umbraticus
1095 3329 1188 3383 doctor
1209 3330 1312 3395 ingenis

205 3410 499 3477 qnianibilexiis,qure
511 3406 739 3471 inusubsbernbs,
778 3406 922 3473 delerent,
937 3424 997 3461 curn
1018 3408 1145 3459 Pindarus
1166 3418 1312 3470 novemque

207 3494 253 3536 sut
263 3486 379 3551 andiunt,
395 3496 440 3537 sut
456 3487 562 3547 rident3
578 3484 624 3535 sed
639 3486 738 3551 pirstss
779 3478 866 3552 ijrici
878 3484 1024 3537 Homericis
1040 3482 1157 3533 uersibus
1173 3494 1267 3531 unere
1279 3479 1312 3531 d·

207 3550 374 3611 merseris
390 3562 417 3611 in
433 3560 523 3612 littore
538 3566 683 3622 stantes,et
700 3567 739 3624 ty·
779 3568 908 3613 moerent.
940 3562 976 3610 Et
991 3574 1027 3608 ne
1043 3556 1135 3622 po'c'tu
1154 3556 1259 3621 quiden
1277 3555 1310 3604 ad

206 3644 301 3689 mos
316 3632 404 3689 edicta
422 3638 573 3699 scribentes,
587 3636 679 3700 quibus
694 3636 740 3685 inr-
769 3628 955 3687 'toedmoninnr
965 3635 1054 3695 citent,
1064 3638 1137 3681 certe
1154 3644 1238 3695 nsque
1251 3623 1314 3682 Pte

208 3712 527 3779 perentfillls,ntpstmrn
539 3726 642 3763 suornm
654 3712 741 3775 capiis
780 3720 852 3774 tons,
873 3725 958 3775 neque
979 3707 1181 3759 Demosthenem
1203 3705 1237 3757 sd
1263 3707 1314 3757 boc

208 3789 370 3855 precident3
387 3790 433 3839 sed
447 3802 571 3853 responsa
581 3789 607 3838 in
619 3786 741 3851 pestilcn·
781 3802 863 3851 μιιιιιι
873 3782 1067 3835 exercitationis
1077 3780 1217 3831 acerbos
1226 3780 1314 3831 rideo.

209 3865 247 3915 tis
264 3865 374 3928 dbts,ui
392 3856 504 3928 'virgines
520 3854 577 3913 tres'
592 3869 638 3912 snt
654 3862 742 3926 piures
781 3860 904 3922 Grandis,
913 3864 949 3923 et,
959 3864 990 3907 nt
1000 3856 1039 3907 iis
1048 3856 1142 3918 dium,
1151 3854 1248 3922 podien
1257 3869 1314 3907 ors·

207 3940 392 4001 uniemur
414 3940 460 3991 sed
476 3939 590 3989 insidior
605 3936 742 3987 vernoun
779 3936 880 3990 tionon
890 3934 1072 3987 estnscsioss
1084 3946 1134 3983 nce
1144 3931 1256 3997 sugitis,
1266 3930 1314 3983 sad

206 4018 333 4081 globulos,
353 4024 382 4067 et
408 4016 495 4067 omnis
521 4014 593 4065 dicta
619 4012 742 4079 i'sctsquc
780 4012 893 4064 naturali
902 4007 1093 4075 pulchritudine
1102 4008 1227 4073 exsurgit.
1258 4006 1315 4059 Nn·

209 4093 283 4159 qussi
295 4098 672 4157 papavereetscssrnesperss.
689 4088 743 4140 oni
781 4094 949 4155 perventus·
959 4084 1049 4135 isthac
1065 4090 1094 4133 st
1108 4082 1218 4134 enormis
1228 4084 1315 4149 loqua-

210 4170 280 4221 intsr
298 4170 354 4221 inec
370 4170 525 4233 nutriuntur,
536 4182 587 4217 non
605 4165 686 4231 ιιιιςίι
704 4176 743 4215 ss·
781 4164 849 4213 cites
864 4161 981 4212 liberm
999 4173 1033 4209 rx
1049 4156 1113 4210 Aris
1127 4158 1315 4224 commigravit,

183 4298 187 4306 .
210 4253 484 4317 mpossuanmu
493 4242 743 4310 brnsoisrs,qntin
775 4238 931 4307 'mosque
943 4236 1073 4301 jurannus
1094 4233 1128 4285 sd
1148 4248 1242 4317 ιαμ
1260 4245 1315 4286 m·
