3184 4917
524 437 724 490 excussus
747 439 800 492 su
822 440 904 492 ssu.
928 446 979 498 vr.
1229 437 1297 505 415

194 577 243 632 bu
254 577 363 630 nucibus
371 578 596 641 meminens·
607 583 726 650 tetidem,
765 598 825 650 gem
840 585 949 638 nediu
967 587 1007 640 rei
1023 593 1054 639 ei
1076 590 1249 645 medion-1
1266 592 1295 646 id

195 661 223 714 et
228 657 304 706 Rutoe
312 652 379 705 feliis
387 656 478 719 viginti
488 658 563 708 simul
573 660 650 722 tritis,
655 659 726 712 eddi·
765 673 846 724 genus
855 662 975 712 solertem
986 661 1076 726 luisse,
1086 666 1241 733 uelitumque
1252 684 1295 720 ee·

196 736 224 781 to
235 731 294 780 selis
305 745 401 794 gruum
419 739 448 781 ut
460 733 503 796 qui
514 733 563 782 bue
570 735 675 799 jejunus
684 752 724 785 sn·
765 749 822 784 rum
831 736 981 801 sauguinem
1000 739 1108 789 miseere
1123 742 1295 794 medicamen-

193 813 257 870 ruut,
275 809 372 857 nulium
391 807 416 856 ei
434 822 560 859 venenum
579 812 724 861 nociturum
765 809 873 875 sinque
885 811 1033 875 digerendis
1051 818 1156 866 venenis
1177 821 1297 886 relennt,'

193 883 724 938 11115611.Ι.111.ιι11.ο.1.11116ο111ω
763 890 814 938 irc.
847 888 932 938 Perre
947 890 1015 938 idern
1027 890 1295 948 Mithridateiitssn·

192 960 289 1012 illude
309 962 387 1011 rebus
402 963 586 1028 quinquaginta
605 971 724 1014 consiste
763 964 858 1015 urende
885 979 984 1016 venene
1006 976 1163 1032 nnneuerut,
1182 977 1212 1022 ut
1235 973 1295 1038 juin

193 1038 240 1088 sil.
268 1037 326 1090 Lib.
339 1053 400 1088 reru
412 1052 477 1088 xxv.
497 1053 553 1102 cup.
565 1044 588 1088 2.
600 1040 668 1090 idern
680 1042 723 1092 bn·
763 1040 828 1088 muri
840 1039 930 1090 voleus
939 1041 1004 1091 iliud
1014 1043 1117 1106 impune
1128 1050 1156 1093 et
1165 1046 1294 1099 incusum

193 1112 722 1178 1111615691(161161111116111
762 1114 887 1166 hauriret.
920 1117 989 1167 ibid.
1032 1118 1295 1188 HinebisriAEpigr.

193 1187 326 1238 scribens:
355 1188 472 1240 ‘nuere
492 1189 614 1240 Pontinus
632 1191 723 1242 dicunt
764 1204 791 1242 r.
808 1195 849 1241 77.
880 1192 1019 1246 ‘Profecit
1041 1202 1105 1259 potu
1123 1198 1293 1252 minnere·

192 1262 302 1314 edundis
337 1265 413 1328 vulgo
449 1265 554 1314 uenenis
583 1267 721 1317 victitare:
762 1282 833 1332 epe
842 1271 1098 1335 venumdemus
1107 1280 1214 1338 possent
1223 1291 1293 1328 seru

192 1339 316 1403 seriptum
328 1341 406 1390 etium
418 1355 433 1388 n
443 1339 537 1390 Leuaeu
546 1341 593 1390 Cu.
603 1341 723 1406 Pompeii
760 1357 855 1393 nocere
865 1343 933 1395 sibi'

192 1413 296 1480 liberto,
310 1415 488 1468 Mithrirlstenr
499 1416 571 1466 ilium
587 1416 668 1470 Ponti
683 1431 723 1468 re·

529 1863 1008 1943 EXCURSUS·

585 2056 639 2107 AD
654 2057 731 2109 ΕΔΤ.
747 2058 795 2110 vi.
812 2063 897 2109 64-66.

236 2227 333 2294 Tucia
348 2231 402 2296 22.
451 2229 544 2296 Tutia
559 2235 614 2299 27.
628 2236 684 2300 47.
697 2237 751 2299 54.
767 2235 822 2300 63.
868 2233 978 2300 Tuscia
1002 2238 1055 2302 11.
1079 2239 1132 2305 19.
1154 2240 1210 2305 23.
1232 2241 1287 2306 25.

188 2332 242 2398 46.
256 2333 308 2398 48.
323 2334 435 2398 bii-60.
458 2354 559 2417 quam
572 2336 649 2400 lect.
669 2335 765 2401 multi
785 2337 940 2419 probant,
960 2339 1040 2422 quie
1061 2357 1138 2404 cum
1159 2339 1289 2424 Appula

184 2434 341 2518 juugitur.
392 2433 486 2498 Huic
511 2440 620 2499 tumen
643 2436 721 2500 voci
747 2437 959 2520 responderet
981 2439 1095 2522 potius
1123 2436 1233 2519 Tusca,
1256 2446 1290 2506 et

188 2535 246 2600 illa
260 2541 481 2600 matronarum
496 2539 629 2602 uomina
642 2557 708 2602 uon
729 2539 834 2621 petita
849 2557 871 2603 a
884 2541 1073 2622 regionibus
1089 2541 1289 2626 populisque

188 2633 310 2714 Italiae,
340 2637 399 2700 sed
427 2657 449 2701 a
476 2637 499 2700 J
502 2637 638 2702 uveuule
667 2638 812 2703 conficta
837 2640 1008 2705 ridentur:
1037 2642 1101 2704 uisi
1126 2642 1208 2706 forle
1230 2643 1288 2709 hie

189 2735 351 2820 Appulnm
376 2755 416 2800 eo
440 2755 540 2799 sensu
563 2736 661 2815 dixit,
685 2759 750 2820 quo
774 2738 898 2802 Horat.
921 2739 1031 2821 Epod.
1061 2756 1102 2803 11.
1131 2741 1184 2805 39.
1211 2762 1286 2825 sqq.

189 2838 333 2921 ‘pudica
347 2836 631 2900 mulier-Sabinu
646 2837 757 2919 qualis
772 2843 832 2901 eut
848 2847 983 2921 perusta
995 2841 1125 2904 solibus
1137 2841 1288 2908 Persicis

188 2958 275 3007 uxor
294 2936 441 3022 Appuli’
467 2934 523 3000 Gi.
539 2937 596 3001 ins.
619 2937 663 3000 ed
684 2953 723 3001 11.
744 2938 820 3002 299.
877 2935 1001 3017 Tuccia,
1024 2941 1115 3023 quod
1133 2941 1206 3024 jam
1230 2941 1288 3005 ulii

187 3057 351 3116 monuere,
375 3037 505 3102 videtur
523 3038 554 3101 h.
570 3039 594 3104 l.
617 3037 765 3103 Vestalis
785 3039 845 3103 illu
863 3057 949 3117 esse,
972 3040 1013 3103 de
1034 3059 1104 3124 que
1122 3061 1154 3106 v.
1172 3039 1285 3106 Vuler.

188 3137 471 3204 1111116115.
496 3136 571 3224 (ubi
587 3137 674 3203 coni.
691 3135 824 3222 Iutpp.)
846 3145 879 3204 et
899 3138 987 3203 Plin.
1007 3141 1179 3206 xxv11.2.
1200 3147 1233 3205 et
1251 3140 1286 3206 8.

187 3237 262 3321 (ubi
286 3240 327 3306 cs.
355 3235 541 3324 Harduin.)
566 3242 689 3323 quibus
711 3240 796 3304 loeis
818 3239 968 3304 similiter
989 3239 1066 3304 libri
1088 3241 1229 3320 varient,
1252 3247 1288 3306 et

189 3334 296 3420 Tulin,
316 3339 436 3419 Tuscis,
455 3339 567 3406 luceia
581 3343 747 3406 exhibent.
791 3341 843 3406 Gi.
862 3341 992 3407 Ernesti
1010 3343 1096 3407 clav.
1120 3341 1226 3407 Cicer.
1251 3343 1287 3406 111

188 3441 261 3508 Iud.
287 3443 399 3507 histor.
422 3461 497 3507 voe.
527 3439 785 3525 Tune-Apula
812 3443 866 3507 19.
894 3443 946 3506 21.
973 3444 1028 3508 22.
1056 3449 1169 3507 contra
1196 3444 1286 3526 leges

186 3543 293 3608 metri.

230 3645 283 3716 sb.
298 3645 351 3710 66.
377 3641 474 3708 Subni
490 3655 519 3708 ei
534 3643 705 3710 miserabile
718 3645 844 3732 longum
859 3643 1006 3709 Ascendit
1026 3647 1152 3710 rustice
1167 3645 1285 3712 mulier

187 3731 341 3812 siminus
355 3752 494 3832 experts
508 3745 657 3828 delicias,
680 3745 806 3811 emend.
830 3745 944 3811 Barth.
966 3743 1108 3812 Advers.
1126 3762 1237 3812 xxiv.
1250 3748 1284 3813 5.

189 3849 248 3914 ubi
261 3855 381 3926 monet,
394 3850 503 3914 verbis
517 3847 637 3927 subare,
653 3847 793 3927 catulire,
807 3844 971 3910 udlirmire
989 3855 1023 3913 et
1040 3849 1202 3913 similibus
1215 3847 1285 3913 bel·

186 3953 314 4018 luinam
328 3950 556 4033 effraeuemque
571 3949 735 4015 homiuum
749 3949 924 4013 libidinem
937 3931 1090 4033 eisprimi.
1125 3947 1178 4014 cf.
1194 3949 1283 4014 Plin.

189 4043 298 4119 1163.
321 4051 452 4116 Lucret.
469 4041 519 4117 ιν.
535 4053 629 4118 1193.
654 4050 775 4116 Hurut.
795 4051 904 4134 Epod.
921 4051 1060 4115 111111.
1080 4051 1123 4114 al.
1168 4048 1284 4134 Apus

188 4155 309 4218 simum
323 4160 373 4218 est
386 4153 418 4217 h.
432 4153 456 4216 l.
470 4153 502 4215 ri
515 4151 617 4231 subal,
631 4154 787 4236 quoniam
803 4173 881 4216 cum
898 4149 1012 4238 gannit
1030 4150 1199 4236 jungitur:
1221 4151 1283 4216 sed

186 4254 314 4338 reliqua
333 4259 402 4320 tum
423 4255 526 4320 verbe
549 4253 707 4338 expeditu
728 4251 899 4336 diffieilie;
921 4253 988 4318 uisi
1007 4253 1090 4319 forte
1107 4253 1282 4338 junxeris:
