3184 4917
267 356 316 439 ,OE
603 418 609 429 .
691 376 741 428 nu
764 373 953 430 sarrurcrs
1005 421 1010 430 .

258 523 391 601 suus,
404 523 574 607 precipue
589 523 775 601 avaritiam,
784 524 913 599 luxum,
924 522 1126 604 snperbiam,
1141 521 1376 607 uliaqneuitia,

271 624 455 690 discordias
468 625 623 709 bellaque
649 625 760 691 civilia
773 626 940 708 gignentia
959 632 992 691 et
1012 626 1059 688 rei
1079 624 1224 708 publicae
1239 646 1378 693 conver·

272 727 400 791 sionem
422 728 581 790 minantia
603 726 691 811 stylo
712 726 859 790 mordaci
873 731 906 790 et
932 726 1034 809 plano
1057 726 1225 806 describit,
1247 730 1379 794 insertis

261 831 399 912 *passim
415 830 627 906 carminibus,
653 830 752 894 modo
777 829 980 911 longioribus
995 828 1095 912 (inpr.
1118 828 1267 894 debello
1284 831 1379 895 cirili

273 932 328 995 vel
342 929 383 995 de
397 932 581 995 mutatione
604 932 650 995 rei
672 931 844 1014 publicar),
858 930 958 995 modo
978 931 1206 1012 brevioribus3
1227 932 1316 996 unde
1331 933 1380 996 iu·

261 1032 441 1114 ‘telligitua
465 1052 540 1095 eum
563 1052 628 1095 non
652 1032 759 1113 magis
785 1030 970 1095 Varronem
993 1052 1096 1115 quam
1124 1032 1380 1103 Luciliumsibi

272 1132 468 1198 imitandum
482 1133 711 1217 proposuisse,
735 1137 769 1195 et
786 1150 912 1196 novum
936 1134 1072 1217 aliquod
1095 1136 1302 1220 mixtumque
1318 1136 1380 1201 Su-

274 1236 349 1299 tirae
376 1255 477 1316 genus
509 1239 670 1299 tractasse
700 1232 758 1311 (ad
783 1232 873 1315 quod
897 1239 1007 1297 tamen
1029 1234 1159 1299 Juliani
1190 1242 1380 1319 quoquest

263 1338 409 1401 'Senecae
424 1338 524 1401 libelli
544 1336 644 1400 modo
659 1334 787 1399 laudati
804 1335 949 1417 quodam
962 1336 1064 1401 modo
1083 1337 1192 1401 relerri
1205 1343 1379 1421 posenno:

274 1438 509 1503 Marcianus
536 1437 691 1505 Murrus
718 1437 843 1501 anrx
869 1437 1051 1503 cirrum
1074 1438 1380 1509 Madaurensisvel

274 1538 569 1633 Carthaginiensis,
590 1542 734 1625 scriptor
755 1540 1014 1619 semibarbarus,
1027 1543 1085 1625 qui
1099 1541 1186 1608 Saec.
1206 1559 1237 1606 v,
1253 1551 1381 1626 tempo·

273 1643 364 1706 ribus
378 1641 500 1707 Leonis
515 1642 655 1707 Thracis
670 1643 766 1720 vixit,
783 1643 819 1706 in
841 1638 949 1706 Sotira
965 1664 1037 1723 sua,
1058 1644 1157 1728 cujus
1171 1643 1239 1709 duo
1253 1647 1384 1729 priores

262 1742 350 1809 libri
365 1743 592 1829 Philosophiae
607 1742 758 1808 ἀποθέωσιν
784 1747 856 1809 sive
881 1745 1030 1811 fabulam
1054 1746 1096 1809 do
1118 1746 1247 1829 nuptiis
1266 1746 1381 1811 Philo-

188 1848 193 1855 ’
259 1844 370 1929 legiae
394 1852 428 1911 et
446 1846 619 1925 Mercurii,
645 1847 766 1930 reliqui
788 1866 868 1912 voro
891 1854 1017 1930 septem
1038 1848 1241 1930 singularum
1263 1850 1381 1913 ortium

273 1948 472 2027 liberalium,
496 1947 746 2027 Grammaticos,
771 1949 983 2027 Dialecticae,
1002 1950 1212 2029 Rhetorica,
1237 1934 1380 2015 Geome-

274 2052 359 2129 tn'ae,
375 2049 615 2130 Arithmeticae‚
629 2048 865 2130 Astronomiae,
880 2058 913 2117 ct
932 2051 1090 2131 Musicae,
1108 2052 1225 2117 laudes
1239 2071 1280 2115 ac
1295 2072 1382 2134 prae·

275 2158 375 2237 cepta
398 2154 583 2219 continent:
614 2152 758 2221 'Anicius
793 2154 943 2221 Manlius
978 2155 1167 2239 Torquatus
1203 2153 1382 2220 Severinns

275 2255 473 2319 Bosrurus
499 2256 695 2333 consularis,
710 2256 822 2333 <natus
845 2256 966 2322 Romae
989 2277 1022 2323 a.
1037 2256 1113 2323 Chr.
1135 2258 1211 2322 455.
1226 2263 1261 2321 et
1273 2257 1382 2323 securi

275 2374 456 2441 percussus
470 2376 500 2422 a.
516 2357 590 2421 524.
605 2376 681 2423 cum
697 2378 771 2423 reus
785 2359 973 2443 majestatis
985 2360 1096 2425 fautus
1110 2358 1228 2444 essct)
1241 2360 1382 2425 inlibris

275 2457 459 2543 praeclaris,
483 2464 518 2523 et
542 2464 611 2523 tam
640 2466 832 2543 argumento
863 2480 965 2544 quam
992 2462 1081 2546 stylo
1106 2462 1311 2546 conspicuis,
1339 2460 1383 2526 do

276 2560 501 2625 consolatione
515 2560 752 2647 philosophiae,
769 2583 855 2647 quos
867 2564 904 2628 in
917 2583 1050 2628 carcere
1073 2564 1218 2648 scripsit,
1234 2564 1270 2628 in
1282 2583 1382 2647 quem

270 2662 369 2749 jussu
393 2662 595 2728 Theoderici
623 2662 809 2730 Gothorum
841 2665 928 2747 regis
963 2666 1133 2750 conjectus
1168 2662 1381 2730 erat—Aliae

277 2764 392 2829 Satira
409 2760 582 2853 Menippea
596 2766 696 2831 etiam
719 2767 767 2831 ab'
789 2765 868 2830 eliis
892 2770 963 2829 tum
987 2770 1062 2830 ante
1081 2771 1150 2831 tum
1164 2771 1240 2850 post
1252 2771 1383 2831 renatus

275 2866 390 2948 literas
418 2869 554 2953 scriptae
589 2873 675 2948 sunt,
705 2890 737 2934 r.
763 2886 793 2933 c.
819 2887 842 2931 a
865 2866 906 2932 P.
934 2865 1089 2946 Currrso,
1118 2866 1208 2933 JCto
1237 2866 1381 2943 Batavo,

277 2972 288 3001 ‘
303 2968 400 3033 Sardi
413 2968 560 3034 Venales
576 2987 636 3033 seu
649 2968 762 3033 Satira
782 2967 965 3051 Menippea
978 2968 1079 3033 insui
1099 2968 1217 3033 saeculi
1234 2966 1383 3032 homines

263 3060 383 3153 'inepte
404 3069 564 3149 cruditos3
598 3091 619 3134 a
642 3066 762 3135 Jusro
783 3070 912 3134 Llrslo
938 3068 1111 3131 Somnium
1134 3086 1164 3130 s.
1183 3067 1295 3131 Satira
1309 3066 1384 3133 Mo-

275 3171 402 3253 nippea
429 3173 466 3234 in
493 3170 628 3235 criticos
655 3174 689 3232 et
714 3152 841 3252 poetas
858 3166 1016 3247 inscitum
1043 3186 1066 3229 a
1090 3164 1190 3231 Dan,
1216 3166 1382 3232 Hnrusro

279 3270 445 3336 Hercules
466 3275 559 3335 tuam
579 3267 690 3347 fidem,
713 3269 786 3334 sivo
810 3266 1005 3331 Mnnsterus
1023 3266 1318 3351 Hypobolimaens,
1347 3268 1384 3331 id

278 3378 330 3439 ost
355 3371 467 3436 Satira
496 3370 678 3455 Menippea
703 3371 745 3437 de
771 3370 858 3451 viu,
879 3368 1016 3453 origine,
1044 3374 1078 3436 et
1102 3370 1248 3436 moribus
1277 3366 1371 3453 Casp

280 3472 456 3560 Scioppii.’
1364 3515 1367 3522 ·

777 3652 889 3709 NOTAE

278 3772 404 3838 sppollari
426 3771 547 3838 malebat,
568 3775 600 3821 ut
620 3768 710 3823 Ovidii
732 3770 811 3838 Metu-
852 3765 1009 3819 suannobis
1020 3761 1237 3831 persumere‚qni
1251 3749 1385 3814 auctorem

262 3852 439 3917 ‚norphoreQ
450 3850 548 3915 Hygini
567 3849 686 3899 Poiticdr
696 3848 812 3897 Ammo
850 3844 954 3894 illorum
969 3842 1013 3893 vel
1033 3838 1145 3901 Claudii,
1162 3837 1205 3887 vel
1221 3837 1324 3901 Seven,
1340 3836 1384 3897 vel

261 3927 366 3989 ,micha
381 3926 511 3991 Fulgentii
527 3926 716 3989 Mpthologr'crlr,
730 3924 812 3974 Solini
851 3921 1041 3972 Antoninorum
1062 3924 1142 3968 autc
1168 3916 1263 3967 vixisse
1285 3913 1385 3984 opinati

192 4012 195 4017 '
279 4001 407 4064 Ponticis,
418 4009 470 4058 cet.
494 4003 590 4052 Eorum
601 4016 663 4051 vero
677 4013 812 4063 argumen·
852 4004 920 4047 sunt.
953 3996 1032 4047 Prius
1048 3996 1080 4046 P.
1091 3994 1263 4055 Burmannus,
1274 3993 1384 4042 alterum

265 4082 336 4147 „tum
356 4079 434 4141 plane
460 4077 582 4129 convenit
602 4084 631 4126 et
652 4074 812 4141 temporibus
851 4074 1157 4143 Statilimctposteriur
1168 4068 1265 4123 vuerii
1280 4074 1385 4119 conten-

280 4152 436 4203 Nsronionis
463 4159 491 4204 et
516 4150 621 4217 ingenio
649 4150 811 4215 moribusque
851 4148 955 4202 derum.

280 4228 348 4295 illius
376 4228 509 4290 Petronii;
542 4240 627 4293 neque
654 4226 811 4277 sententiam
